2398 3086
980 122 1339 173 r-11-*-

327 264 538 312 Fortasse,
575 260 611 300 si
649 273 700 300 eo
736 258 786 300 de
821 258 919 299 loco
954 258 1112 300 dudum
1151 268 1179 300 a⁴
1208 260 1348 303 multis
1384 267 1503 300 recte
1542 259 1760 301 intellecto
1802 259 1958 323 aliquid
1998 274 2217 307 monuero,

128 327 221 360 acta
251 318 429 358 videbor
459 328 600 370 agere.
657 314 739 354 Sed
766 322 906 354 tamen
942 328 1073 377 quum
1100 315 1357 370 interpretes
1384 315 1506 355 etiam
1539 327 1661 354 nunc·
1679 315 1859 355 haerere
1886 329 1929 359 in
1959 328 2011 355 eo
2039 315 2221 367 videam,

127 383 267 415 utrum
296 373 479 425 praevisa
516 370 673 410 utilitas
708 366 901 409 locorum
938 377 991 408 sit
1018 383 1102 408 non
1132 370 1242 422 visa,
1278 384 1329 409 an
1358 378 1453 410 ante
1491 369 1604 419 visa,
1632 366 1917 411 verbumme'
1942 368 2139 412 adiecisse
2177 380 2220 412 et

133 428 302 478 amicus,
332 427 403 481 qui
438 426 543 465 haec
577 424 734 464 dudum
770 423 812 462 in
851 423 1007 463 mundo
1042 422 1193 477 habet,
1228 432 1268 464 et
1303 423 1386 479 alii,
1415 433 1459 464 ut
1495 437 1640 477 spero,
1662 423 1893 478 ignoscent.
1949 424 2063 466 Fieri
2090 425 2223 478 igitur

126 484 254 538 plane
290 495 376 520 non
412 487 567 534 potest,
600 487 648 519 ut
680 478 872 533 praevisa
908 479 990 517 sint
1032 492 1116 518 non
1151 479 1267 525 visas
1316 481 1422 518 Nam
1467 479 1583 533 quod
1622 479 1736 518 aiunt
1762 493 1860 531 prae
1895 492 2019 533 saepe
2054 480 2147 519 esse
2175 480 2218 520 in

129 536 434 590 compositione
491 534 600 574 idem
658 533 773 588 quod
822 542 992 586 praeter,
1056 532 1193 588 idque
1237 534 1512 587 praelabendo,
1566 533 1835 587 praefluenclo,
1884 535 2218 588 praefestinando,
2249 534 2254 537 ”

128 591 332 633 similibus
373 589 471 630 satis
512 588 721 643 probari,
750 600 836 627 non
870 601 967 628 sane
1004 587 1201 627 audiendi
1235 590 1374 627 sunt.·>
1398 588 1504 627 Nam
1539 587 1610 627 his·
1637 588 1829 628 omnibus
1866 588 1908 628 in
1942 588 2096 640 verbis,
2138 589 2219 629 nisi

129 646 247 703 quod
275 646 369 699 ipsa
391 652 554 684 motum
584 643 760 693 addunt,
788 641 943 682 retinet
969 639 1085 683 suam
1115 651 1302 682 naturam
1323 657 1443 696 prae,
1485 650 1532 682 ut
1570 643 1629 686 sit?
1655 643 1769 688 idem
1807 642 1924 695 fere,
1965 644 2079 698 quod
2117 644 2218 694 ante,

128 715 181 748 eo
206 709 345 741 tamen
368 691 627 748 discrimine,
654 706 701 738 ut
718 711 820 750 prae
847 710 1014 752 semper
1042 696 1288 738 brevitatem
1317 696 1525 751 quandam
1557 705 1600 737 et
1627 697 1884 744 vicinitatem
1911 698 1992 738 hac
2020 698 2145 740 etiam
2175 699 2219 739 in

131 755 439 809 compositione
477 760 603 803 notet,
623 752 764 794 'veluti
786 754 964 805 praecisa
993 753 1121 792 oratio
1152 759 1227 805 est,
1257 751 1330 791 uhi
1358 754 1491 792 omnis
1519 751 1747 793 verborum
1776 752 1939 792 luxuria
1969 753 2116 793 stricte
2141 755 2219 807 pu-

128 819 214 851 tata
244 817 321 860 est,
352 811 554 862 praecisae
586 821 646 847 res
679 814 775 846 sunt
802 819 868 858 res
899 813 1102 857 curtatae,
1129 808 1348 851 praefracta
1379 809 1518 859 cuspis,
1548 808 1700 847 acriter
1727 807 1876 847 recisa.
1904 807 1973 848 ita‘
1990 808 2118 862 igitur
2147 809 2218 848 Ti-

129 865 244 906 beris
273 865 437 906 moenia
460 863 698 916 praelabitur
725 860 867 911 urbis,
890 861 930 901 i.·
947 874 984 900 e.
1013 861 1074 901 sie
1102 859 1236 901 fliesst
1263 861 1382 909 dicht
1407 875 1488 903 vor
1517 861 1599 901 den
1628 862 1804 901 Mauren
1835 863 1928 914 hin,
1955 865 2123 915 moenia
2150 877 2218 903 ra·

132 921 207 973 dit,
239 934 326 961 non
363 926 503 958 autem
531 915 845 969 praeterlabitur3
882 916 940 955 ita
969 915 1632 971 Toronaeum'Thermaeumque
1660 916 1792 956 sinum
1819 918 2078 971 praefestinut
2104 918 2219 972 Pop-

128 989 276 1039 paeus,
302 974 329 1013 i.
356 987 394 1013 e.
421 971 673 1013 brevissima
701 971 768 1012 via
797 971 931 1010 sinum
963 970 1131 1024 stringit
1157 969 1379 1023 festinans3
1414 971 1470 1011 ita
1495 972 1763 1023 praevehimur
1789 971 1928 1021 litora,
1959 987 2086 1027 quum
2115 974 2218 1028 legi-

38 1020 66 1063 s
126 1043 234 1081 mus,
255 1029 595 1083 praetervehimur,
624 1040 754 1082 quum
779 1034 1017 1067 transverso
1032 1033 1151 1065 motu
1179 1039 1263 1065 non
1277 1026 1528 1080 attingentes
1553 1039 1602 1065 ea
1626 1033 1724 1079 post
1750 1040 1825 1067 nos
1842 1027 2138 1082 relinquimus3
2168 1036 2216 1069 ut

122 1085 299 1126 'omnino
329 1093 486 1136 praeter
522 1090 586 1129 est
618 1083 688 1135 vel
722 1081 940 1120 immotum
977 1080 1046 1120 vel
1083 1080 1220 1119 minus
1256 1079 1452 1121 celeriter
1478 1089 1637 1121 motum
1668 1094 1794 1121 cursu
1823 1085 2028 1135 superare
2058 1091 2100 1128 et
2119 1094 2218 1136 post

71 1140 89 1188 ,“
128 1153 172 1180 se
197 1140 418 1191 relinquere,
455 1137 499 1176 id
529 1136 643 1191 quod
670 1135 727 1175 in'
747 1134 1061 1189 praepositione
1083 1149 1180 1188 prae
1207 1144 1277 1175 aut
1304 1135 1429 1189 plane
1465 1135 1694 1186 omittitur,
1730 1144 1798 1176 aut
1828 1142 1931 1184 casu
1952 1133 2120 1176 'tantum
2149 1151 2220 1178 ac-

129 1194 254 1234 cedit.
291 1194 408 1235 velut
445 1205 546 1231 casu
574 1190 640 1244 fit,-
675 1190 710 1230 si
738 1188 1037 1243 praefestinans
1074 1190 1209 1232 sinum
1230 1190 1456 1243 Poppaeus
1483 1189 1597 1230 idem
1623 1191 1975 1245 praetervehitur,
2003 1192 2029 1231 i.
2057 1200 2093 1231 e.
2122 1205 2218 1232 cur-

130 1263 182 1290 su
217 1248 438 1303 relinquit3
473 1245 623 1286 eodem
664 1245 773 1285 enim
802 1244 941 1304 *verbo
979 1259 1134 1285 usurus
1163 1252 1275 1284 esset
1303 1245 1488 1294 Tacitus,
1521 1246 1556 1284 si
1583 1254 1834 1299 praevectus
1853 1247 2049 1293 ⁴eundern
2077 1247 2217 1294 statim

129 1316 301 1344 cursum
329 1300 654 1342 retractavisset.
710 1299 822 1340 Hinc
856 1299 940 1339 iam
973 1308 1095 1353 patet
1118 1301 1300 1352 praevisa
1328 1312 1464 1354 neque
1490 1299 1562 1340 hic
1592 1313 1680 1340 esse
1706 1315 1789 1340 non
1816 1302 1911 1353 viso,
1938 1314 2074 1356 neque
2104 1303 2217 1355 apud

126 1359 278 1399 Horat.
334 1358 426 1405 Sat.
452 1359 488 1405 1,
516 1357 543 1397 3
565 1356 763 1408 pervidere
789 1351 912 1408 posse
940 1355 1092 1394 mutari
1119 1356 1161 1393 in
1181 1343 1418 1407 praevidere,
1438 1363 1493 1409 ,ut
1520 1353 1624 1395 feeit
1648 1355 1877 1405 Bentleius,
1906 1357 2003 1411 quia
2034 1365 2216 1413 utroque

114 1410 174 1453 ⁴in
199 1413 297 1455 loco
327 1413 499 1465 relinqui,
526 1410 597 1450 hic
625 1410 736 1465 vitia,
763 1409 852 1449 illic
879 1409 1115 1464 utilitatem,
1133 1409 1262 1449 unice
1279 1418 1485 1464 urgetur,
1512 1423 1597 1449 non
1627 1422 1728 1450 casu
1749 1406 1934 1451 accedit.
1981 1412 2114 1452 Causa
2147 1426 2217 1453 ve-

127 1481 194 1522 ro,
221 1465 298 1507 cur
325 1467 367 1506 in
392 1480 444 1510 re
470 1466 568 1505 satis
597 1465 742 1518 aperta
765 1464 935 1504 haereri
960 1464 1108 1518 soleat,
1143 1464 1222 1504 nisi
1261 1463 1402 1518 fallor,
1436 1464 1479 1503 in
1509 1478 1560 1504 eo
1589 1464 1828 1520 quaerenda
1858 1473 1935 1519 est,
1964 1467 2079 1521 quod
2107 1467 2217 1508 utili-

128 1531 191 1563 tas
210 1555 211 1558 η
230 1522 319 1564 visa
354 1517 521 1570 dicitur,
555 1533 684 1574 quum
720 1527 861 1559 tamen
899 1519 962 1558 illi
996 1520 1216 1559 utilitatem
1244 1532 1329 1558 non
1358 1518 1570 1559 vidissent.
1627 1519 1763 1580 Quem
1790 1521 2031 1575 scrupulum
2058 1522 2114 1561 ita
2144 1522 2216 1562 ali-

129 1577 224 1633 quis
262 1576 388 1617 facile
424 1575 589 1625 eximat,
624 1582 672 1614 ut
704 1576 827 1614 videre
861 1574 972 1614 dicat
1006 1587 1116 1614 nunc
1151 1587 1238 1614 esse
1261 1576 1475 1629 inquirere.
1532 1573 1617 1613 Sed
1656 1588 1747 1614 eum
1782 1574 1907 1615 huius
1941 1575 2062 1617 verbi
2094 1590 2216 1617 usum

127 1640 216 1672 tam
243 1639 390 1671 notum
418 1644 503 1670 non
531 1629 727 1683 profecto
755 1628 1016 1683 ignoravisse
1045 1629 1146 1668 alius
1173 1628 1424 1682 respondeat
1462 1628 1579 1669 vi1os
1617 1637 1702 1670 tam
1731 1629 1902 1679 doctos,
1939 1631 2014 1670 sed
2043 1631 2216 1672 eosdem

126 1686 294 1731 novisse
330 1684 422 1725 eam
455 1686 670 1726 notionem
706 1697 791 1723 non
828 1684 870 1723 in
909 1684 1079 1739 quaevis
1118 1683 1208 1724 eius
1246 1683 1369 1724 verbi
1405 1691 1598 1736 tempora
1636 1683 1803 1724 cadere.
1860 1685 1966 1724 Nam
1996 1685 2103 1726 nihil
2131 1700 2217 1728 esse

127 1755 272 1797 neque·
297 1739 558 1795 frequentius
589 1753 681 1788 usu,
713 1751 852 1793 neque
885 1746 1113 1792 perspectu
1147 1737 1328 1792 facilius,
1362 1752 1488 1792 quam
1519 1738 1649 1778 haec:
1677 1739 1866 1784 Primum
1895 1739 2022 1794 igitur
2050 1740 2111 1781 rei
2138 1741 2215 1782 ho-

116 1804 333 1838 nestatem
368 1795 594 1844 videamus,
629 1794 712 1843 vel,
750 1802 844 1833 ante
879 1793 1017 1832 omnia
1047 1801 1181 1833 autem
1210 1793 1273 1833 rei
1301 1793 1525 1833 utilitatem
1559 1793 1704 1834 videre
1740 1795 2029 1848 oportet3sed
2058 1796 2227 1851 siquis.

125 1853 255 1903 leat,
287 1852 382 1891 vidit
417 1850 505 1890 eius
540 1848 699 1889 itineris
735 1846 1028 1888 difficultatem
1065 1847 1297 1899 Hannibal,
1331 1862 1428 1888 eum
1458 1850 1551 1888 vidit
1587 1861 1672 1887 non
1696 1848 1974 1903 interpretari,
1998 1852 2215 1903 inquisivit,
2263 1891 2266 1895 ,

127 1919 174 1946 se
233 1906 441 1952 intellexi&
486 1903 681 1944 similiter
709 1906 852 1943 ,νίεανη
882 1904 1098 1955 ,utilitatem
1124 1916 1209 1943 non
1243 1911 1329 1943 tam
1367 1915 1457 1943 esse
1491 1905 1728 1955 inquisitam,
1773 1917 1899 1959 quam
1934 1905 2223 1962 perspectam,

125 1975 212 2002 non
235 1962 486 2014 ignoratam.
542 1961 693 2012 Meque
720 1958 779 1997 ita
807 1957 1089 2011 disputaturus
1121 1957 1214 1997 fere
1250 1957 1578 1998 'consentientem
1604 1957 1791 2000 habehit.
1847 1959 1933 1999 Sed
1962 1960 2083 2001 simul
2111 1976 2239 2002 nunt
2276 1978 2278 1980 ’

2 2026 13 2037 ··
101 2020 254 2071 squam
283 2014 613 2055 obliviscendum
642 2027 850 2066 moneam,
875 2013 987 2066 apud
1015 2012 1208 2067 antiquos
1238 2013 1372 2052 multo
1383 2012 1524 2106 ..magiis
1553 2013 1753 2054 orationis
1771 2013 1953 2068 singulas
1983 2023 2125 2068 partes
2153 2016 2215 2056 in—

63 2078 71 2088 ’·
97 2072 192 2121 iter
222 2083 267 2110 se
296 2069 492 2123 coniungi
519 2076 558 2109 et
586 2067 897 2122 quodammodo
923 2066 1154 2119 confluere,
1189 2070 1256 2120 (ut
1283 2067 1353 2122 qui
1382 2070 1472 2107 auri
1503 2081 1552 2108 us
1584 2068 1716 2122 magis
1745 2083 1870 2123 quam
1900 2070 2034 2115 oculis
2061 2071 2215 2115 oratio-

28 2119 222 2180 “3vgn'qem
256 2125 524 2178 usurparent)
563 2137 689 2177 quam
728 2123 839 2176 apud
869 2137 959 2163 nos.
1016 2123 1143 2175 Hinc,
1174 2131 1219 2162 ut
1246 2122 1326 2162 alia
1355 2131 1534 2172 taceam,
1572 2136 1669 2161 nam
1697 2123 1780 2164 late
1809 2137 1858 2163 ea
1887 2138 1953 2164 res
1981 2124 2116 2178 patet,
2135 2129 2215 2166 usu

111 2190 250 2234 „saepe
271 2180 423 2227 venire,
446 2188 490 2219 ut
516 2179 557 2217 in
574 2177 703 2218 rebus
731 2192 911 2231 quarum
931 2177 1131 2217 iudicium
1149 2178 1465 2232 comparatione
1482 2185 1697 2230 statuatur,
1720 2186 1767 2217 ut
1786 2187 1848 2219 est
1874 2180 2091 2233 mercedis,
2115 2183 2212 2234 pre-*-

8 2256 18 2265 .
45 2233 66 2287 ἓ,
83 2233 107 2259 ²³
123 2235 184 2287 tii,
203 2234 512 2289 magnitudinis,
530 2232 719 2272 utilitatis
739 2233 860 2286 ratio,
877 2231 1200 2272 affirmationem
1229 2247 1355 2271 unam
1382 2245 1461 2286 per
1475 2232 1707 2284 simplicem
1736 2234 2019 2275 accusativum
2048 2235 2214 2287 addant,

77 2291 81 2295 '
122 2289 200 2329 'ubi
228 2302 304 2329 nos
336 2296 407 2329 aut
439 2289 651 2343 negaturi,
688 2295 759 2327 aut
787 2287 1012 2326 discrimen
1047 2287 1211 2327 allaturi
1240 2299 1437 2328 essemus.
1493 2286 1639 2331 Veluti
1667 2302 1751 2329 non
1779 2289 1915 2328 solum
1947 2289 2214 2332 distributive

69 2347 103 2382 ’·’.
120 2344 273 2384 dicunt
300 2357 428 2383 rerum
455 2345 595 2395 pretia,
626 2341 696 2382 sed
727 2341 850 2382 etiam
878 2344 934 2382 rei
953 2344 1127 2395 pretium
1164 2341 1326 2393 videre,
1355 2341 1427 2381 ubi
1456 2355 1532 2381 nos
1560 2341 1781 2397 malumus,
1810 2343 1891 2383 den
1912 2344 2080 2391 Werth-
2107 2345 2215 2386 oder
2262 2362 2269 2367 ’

123 2398 329 2439 Unwerth
370 2398 598 2446 erkennen,
637 2397 717 2449 vel,
753 2397 908 2447 videre,
943 2397 1060 2451 quod
1097 2397 1151 2436 sit
1186 2397 1255 2438 vel
1291 2397 1416 2451 quale
1449 2396 1514 2436 rei
1577 2397 1740 2437 retium.
1796 2400 1853 2439 Et
1885 2412 2210 2452 possumusznos
2246 2397 2250 2401 ’

125 2453 298 2508 'quoque
331 2451 466 2503 ferre,
508 2454 708 2492 sociorum
744 2453 842 2491 vires
876 2453 1122 2504 reprehendit,
1157 2465 1202 2492 er
1238 2450 1393 2492 tadelte
1423 2451 1492 2491 die
1528 2411 1675 2492 kirfifte
1710 2452 1788 2492 der
1820 2453 2211 2508 Bundesgenossen,
2264 2475 2274 2484 ··

126 2521 377 2563 quamquam
415 2507 700 2560 praeferamus
731 2506 805 2557 die,
827 2505 1166 2561 Rraftlosigkeit3
1202 2506 1277 2546 sed
1306 2506 1376 2548 vix
1406 2520 1627 2559 possumus
1657 2507 1813 2556 dicere,
1841 2520 1889 2551 er
1915 2508 2113 2564 beklagte
2143 2510 2212 2550 die
2275 2541 2278 2544 ,

124 2565 265 2604 Treue
293 2562 363 2603 des
381 2561 622 2616 Magdleins,
647 2569 694 2600 ut
721 2561 774 2601 sit
801 2559 988 2614 perfidia,
1015 2575 1145 2615 quum
1171 2569 1313 2602 tamen
1327 2561 1455 2614 fidem
1477 2562 1629 2614 puellae
1645 2562 1745 2616 flere
1770 2563 1830 2603 sic
1859 2562 1972 2604 dicat
1998 2565 2213 2615 Horatius,

125 2618 222 2673 quia
256 2618 417 2671 reliqua
454 2618 602 2666 oratio,
638 2615 739 2671 quid
772 2615 990 2671 intelligat,
1025 2616 1296 2656 demonstrat.
1352 2618 1413 2656 Ita
1447 2616 1482 2656 si
1516 2617 1606 2671 quis
1642 2617 1770 2668 dicat,
1805 2618 1999 2671 praevisa
2033 2619 2210 2662 utilitate

125 2672 303 2726 sumpsit
336 2672 513 2724 bellum,
549 2685 696 2712 omnes
726 2670 1011 2725 intelligerent
1044 2683 1137 2710 eam
1164 2684 1259 2724 esse
1286 2671 1365 2711 rite
1397 2680 1672 2726 perspectam.
1728 2671 1814 2712 Sed
1842 2687 1927 2713 non
1952 2674 2086 2714 minus
2114 2688 2211 2729 per-

126 2723 320 2791 spicuum
358 2727 440 2767 erit
474 2726 703 2779 Romanis,
724 2725 883 2780 aliquid
914 2726 959 2765 in
986 2725 1144 2766 iudicio
1179 2725 1367 2766 utilitatis
1398 2739 1492 2770 esse
1519 2727 1584 2767 vel
1612 2735 1830 2779 peccatum
1859 2728 2213 2783 vel-neglectum,
2256 2741 2259 2743 ·

68 2787 71 2789 ’
119 2795 175 2832 ἐι,
203 2781 388 2835 μιθριιᾶ
405 2779 490 2821 ῄοε
516 2790 592 2836 est,-
613 2781 680 2833 ita·
699 2778 908 2830 vinciatur
937 2781 1086 2835 oratio,
1106 2783 1288 2834 praevisa
1317 2782 1481 2822 utilitate
1503 2784 1642 2834 peiora
1670 2779 1957 2835 legerunt‚l'ubi
1985 2782 2038 2826 ex
2064 2783 2211 2828 ne'stro

69 2834 92 2892 J
118 2840 206 2878 ,nos
234 2850 354 2877 more
385 2836 634 2891 diceremus,
663 2835 975 2894 quum-tamen,
999 2844 1112 2891 quae„
1140 2844 1182 2877 et
1197 2836 1344 2892 >qualis
1360 2845 1466 2878 esset
1485 2836 1680 2889 locorum
1697 2837 1864 2892 utilitas,
1887 2834 2212 2894 praevidissent.
