2398 3086
870 68 909 100 ἢ»)

979 99 1325 151 „15-

482 271 486 275 .
924 259 928 269 ‹
987 239 1109 279 Ann.
1139 241 1218 292 xl,
1244 239 1311 281 23.
1865 286 1867 288 μ

247 328 249 331 ·
311 299 549 361 Opple'tnros
582 291 719 347 oninia
747 297 889 346 divites
911 307 1018 360 illos,
1056 291 1224 360 quorum
1266 307 1331 347 avi
1359 307 1576 359 proavique
1609 304 1810 344 hostilium
1844 303 2051 343 nationum
2078 303 2192 342 duces

104 363 293 415 exercitus
320 372 478 402 nostros
503 362 618 415 ferro
649 364 764 419 vique·
793 360 1012 414 ceciderint,
1049 363 1181 402 divum
1211 363 1363 402 Iulium
1390 362 1495 414 apud
1522 359 1702 400 Alesiam
1730 359 1959 398 obsederint.
2022 358 2132 413 Quid
2159 358 2194 397 si

104 418 302 457 memoria
337 418 822 469 eorum-moreretursqui
846 417 1032 469 capitolio
1062 427 1098 457 et
1124 431 1196 457 ara
1227 416 1423 458 Romana
1449 415 1628 455 manibus
1657 416 1866 454 eorundem
1895 426 1968 465 per
1998 425 2040 452 se
2074 410 2195 452 satis’

93 473 318 526 fruerentur
343 483 437 511 sane
465 472 650 519 vocabulo
677 472 865 516 civitati83
902 472 1072 527 insignia
1091 482 1268 526 patrum,
1296 473 1436 512 decora
1462 473 1768 521 magistratuum
1797 482 1843 508 ne
1873 469 2086 518 vulgarent.

302 540 349 578 In
389 552 471 593 quo
509 538 653 594 inique
689 551 856 578 mecum
897 539 966 593 agi
1003 539 1143 580 video.
1199 541 1306 579 Nam
1341 540 1386 579 in
1418 538 1578 587 truncis
1617 537 1710 593 quis
1749 545 1909 577 certam
1938 534 2193 575 medicinam

103 592 293 649 praestet
312 593 450 640 ?;Sed
477 595 622 634 tamen¹
646 593 743 648 quid
763 593 985 648 possimus,
1013 594 1290 648 experiamur.
1345 596 1406 634 Ita
1422 594 1572 648 igitur,
1593 603 1640 633 ut
1663 590 1969 646 praescribitur
1992 590 2122 640 locus,
2151 589 2195 629 in

104 649 255 690 codice
283 648 449 704 legitur,
477 647 557 687 nisi
578 647 699 703 gquod
727 650 809 687 non
839 647 997 699 habere
1025 649 1193 691 videtur
1212 664 1287 702 per
1325 663 1388 703 se,
1424 648 1496 688 sed
1531 644 1635 701 9³³³?
1682 649 1762 687 Est
1799 654 1937 689 autem
1963 658 1996 697 ,e
2034 652 2197 696 sentem

101 704 187 744 tiae
216 703 395 744 decursu
422 702 716 756 expediendus.
734 703 979 749 2Nimirum
1008 703 1194 758 pugnant
1222 704 1291 744 hic
1318 713 1483 757 patres,
1513 718 1565 747 ne
1593 702 1807 756 primores
1843 699 2007 746 Galliae
2046 700 2195 740 Coma-

101 757 194 812 tae,
212 757 421 799 civitatem
450 759 686 806 Romanam
714 757 877 811 pridem
908 756 1193 812 assecuti,'ius
1225 758 1594 814 adipiscendorum
1623 758 1666 796 in
1695 756 1801 797 urbe
1836 755 2048 796 honorum
2085 754 2195 794 acci-

101 813 232 868 piant.
287 812 448 852 Urbem
475 820 674 866 tanquam
705 809 1063 877 in'capti'vitatem
1100 811 1323 854 venturam
1359 807 1526 866 eorum,
1563 813 1639 867 *qui
1677 810 1890 866 quondam
1927 810 2070 850 hostes
2100 822 2194 849 eam

102 868 145 909 vi
172 876 217 908 et
241 866 361 908 ferro
389 867 602 921 petierint,
632 867 767 920 ipsum
797 867 941 909 divum
968 867 1120 907 Iulium
1149 869 1320 909 Alesiae
1350 867 1601 908 obsederint.
1642 867 1753 906 Hinc
1782 866 1865 905 iam
1894 865 1973 904 alia
2004 864 2195 918 exempla

45 951 48 955 ·
103 935 154 963 ac
179 922 250 964 vel
278 929 377 976 post
404 921 548 962 divum
576 921 725 960 Iulium
754 922 964 962 atrociora
994 923 1153 977 quaeri,
1183 936 1234 962 ex
1263 923 1468 977 particula
1497 923 1591 975 quid
1628 923 1664 961 si
1699 920 1968 961 manifestum
1999 927 2074 959 est.
2131 920 2195 959 Ea

102 990 208 1019 vero
228 976 435 1031 exempla⁷
463 976 671 1031 (quippeJ
681 977 793 1030 apud
822 977 1045 1027 Claudium
1074 977 1219 1024 dicunt
1246 977 1654 1019 vehementissimum
1682 975 1936 1031 antiquitatis
1968 972 2194 1014 admirato·
2230 1010 2236 1014 .

101 1032 234 1086 rem),
268 1039 514 1085 spernentes
542 1031 620 1070 ista
647 1031 848 1086 recentia,
883 1045 906 1082 a
934 1040 1142 1085 vetustate
1168 1042 1339 1086 petunt:
1385 1032 1496 1096 Quid
1520 1034 1555 1071 si
1582 1034 1774 1072 memoria
1804 1044 1940 1070 eorum
1966 1032 2191 1078 inereretur.

27 1135 30 1138 Α
62 1086 172 1137 ·,·8ἱῡ
201 1087 312 1126 enim
337 1086 549 1125 lenissime
576 1096 793 1136 moreretur
819 1087 1134 1142 ¹corrigendum,
1161 1095 1208 1127 ut
1235 1088 1316 1127 iam
1355 1088 1424 1126 ali1
1458 1086 1689 1140 viderunt,·
1707 1086 1786 1126 nisi
1816 1085 1929 1140 quod
1960 1082 2194 1125 inorirentur

82 1141 304 1202 ‘'scribunt.
359 1141 504 1195 Neque
531 1147 670 1190 tamen
695 1146 873 1194 'propter
899 1144 1026 1181 unam
1052 1141 1271 1187 lenitatem
1298 1142 1353 1198 ita
1383 1140 1653 1185 scribendum
1680 1141 1758 1205 'est2
1786 1141 1860 1180 sed
1893 1140 1990 1195 q'uia
2013 1138 2194 1181 verbum

96 1195 396 1249 ingeniendum
421 1203 525 1245 erat,
553 1205 638 1249 quo
667 1203 819 1248 sponte
838 1196 1137 1242 'tristemffeam
1173 1197 1421 1242 memoriam
1458 1197 1603 1248 exitari
1634 1211 1759 1252 quasi
1791 1195 1845 1236 de
1882 1193 2029 1237 inferis
2067 1193 2194 1234 senti-

100 1258 255 1292 remus.
282 1250 367 1290 tale
395 1250 504 1291 enim
536 1249 651 1289 hunc
680 1250 879 1290 orationis
914 1244 1185 1307 progressum
1216 1252 1460 1292 desiderare
1488 1252 1602 1291 ultro
1631 1251 1774 1306 liquet.
1797 1249 1847 1291 'et
1875 1258 2051 1304 propter
2080 1248 2192 1288 hanc

103 1306 238 1361 ipsam
266 1318 432 1345 causam
462 1318 571 1345 nova
601 1306 681 1344 hac
712 1306 1016 1358 compositione
1043 1307 1189 1359 utitur,
1216 1322 1296 1362 qua
1325 1309 1420 1347 oriri
1449 1305 1644 1347 infestam
1673 1305 2033 1360 praepositionem
2062 1305 2102 1343 in
2130 1317 2192 1343 as-

107 1361 247 1402 sumit.
303 1362 388 1399 Iam
418 1373 523 1401 vero
543 1359 696 1413 quibus
716 1374 738 1399 a
767 1360 895 1400 rebus
924 1361 1193 1416 exaggeratio
1219 1362 1406 1416 quaesita
1431 1363 1497 1415 sit⁷
1526 1362 1616 1415 ipsa
1645 1361 1780 1401 oratio
1811 1360 1958 1413 aperit.
2013 1360 2120 1399 Nam
2148 1358 2191 1398 in

101 1415 265 1468 recenti
293 1414 496 1455 memoria
524 1415 662 1454 Alesia
693 1422 795 1465 erat,
822 1415 865 1454 in
892 1416 1058 1472 antiqua
1090 1416 1223 1470 ipsum
1252 1418 1478 1470 capitolium
1507 1425 1549 1457 et
1576 1430 1647 1456 ara
1676 1417 1869 1457 Romana
1878 1430 1891 1466 3
1937 1417 2046 1455 Num
2073 1419 2191 1453 'aram

100 1470 323 1512 Maximam
352 1468 579 1525 intelligit?
615 1471 671 1510 Et
698 1470 879 1510 fortasse
908 1470 1045 1511 illic'a
1076 1471 1207 1512 Gallis
1238 1485 1365 1511 senes¹
1388 1471 1485 1512 illos
1514 1469 1809 1525 triumphales,
1838 1484 1922 1510 non
1952 1469 2117 1509 aedium
2147 1468 2190 1507 in

101 1525 318 1567 vestibulis
348 1537 492 1569 caesos
521 1533 638 1572 vetus
669 1532 759 1564 erat
786 1523 896 1564 fama
926 1525 1172 1580 refotaptffr
1201 1526 1444 1578 Claudium}
1490 1526 1541 1565 an
1573 1525 1883 1580 corrigendum,
1911 1525 1954 1564 in
1971 1526 2073 1579 soro
2104 1524 2192 1564 Ro-

100 1578 250 1621 mano?
289 1592 384 1619 nam
421 1589 571 1627 arcem,
599 1575 729 1634 'quam
768 1579 835 1618 alii
875 1580 1145 1634 quaesivere,
1179 1590 1358 1635 propter
1389 1582 1606 1637 sequentia
1643 1583 1671 1621 s'
1694 1581 1903 1635 reverim,
1937 1586 2192 1633 teneamque

97 1649 216 1678 ,aram
256 1643 298 1675 et
312 1636 561 1688 interpreter
581 1634 819 1674 Maximam.
854 1635 947 1683 Illic
962 1635 1092 1690 igitur
1118 1650 1141 1675 a
1159 1636 1291 1677 Gallis
1310 1637 1656 1686 Iuliussobsessus,
1703 1636 1742 1675 ic
1771 1636 1980 1676 eorundem
1997 1635 2190 1688 manibus,

0 1678 42 1740 [ff.
101 1682 202 1746 q‘u'id
247 1690 359 1729 aliud
389 1689 524 1743 dicas⁷
574 1689 652 1728 nisi
691 1691 855 1729 occisos
902 1699 1114 1730 senatores
1159 1693 1387 1731 Romanos.
1425 1700 1571 1745 gentes
1617 1690 1936 1745 antiquissimas,
1981 1688 2191 1743 Papirios,

26 1744 46 1791 ’;
102 1744 234 1786 alios?
256 1745 333 1784 His
362 1744 492 1798 igitur
518 1744 732 1798 ingressus
755 1744 955 1809 vestigiis,
979 1759 1120 1801 neque
1149 1746 1376 1802 quidquam
1405 1746 1446 1785 in
1477 1746 1634 1786 codicis
1663 1745 1848 1787 lectione
1875 1752 2053 1795 mutans,
2089 1742 2190 1797 (nisi

92 1794 218 1856 'quod
244 1808 342 1854 post
369 1801 436 1852 qui
462 1801 502 1839 in
531 1799 704 1851 addidi,)
734 1791 806 1839 sed
834 1803 1029 1843 'vitiosum
1057 1799 1140 1855 9⁶2³
1194 1802 1362 1842 solvens
1392 1802 1450 1841 ita
1477 1802 1595 1856 lego:
1637 1801 1747 1858 Quid
1769 1803 1805 1841 si
1832 1802 2026 1841 memoria
2052 1811 2190 1839 eorum

101 1859 325 1908 inureretur,
361 1856 495 1907 quiin
522 1855 705 1907 capitolio
737 1864 773 1894 et
801 1869 871 1894 ara
900 1856 1094 1896 Romana
1128 1858 1309 1898 manibus
1345 1858 1554 1909 eorundem
1575 1855 1792 1909 perissent?
1846 1855 1929 1895 Hic
1959 1854 2075 1895 enim>
2095 1866 2189 1893 ora-

14 1936 41 1954 2
98 1911 256 1951 tionem
289 1909 401 1954 {iniri
430 1917 473 1948 et
499 1909 794 1963 praecedentis
837 1911 1067 1958 sententiae
1095 1919 1244 1951 natura
1273 1911 1531 1952 demonstrat
1558 1919 1602 1951 et
1629 1911 1884 1966 insequentis
1919 1908 2191 1963 comparatio.

0 2040 58 2079 ΞεΥ.
66 2080 70 2085 ,

0 2084 2 2091 >

6 2306 52 2351 et·

11 2354 70 2383 'affl

0 2082 74 2132 242:-

103 1965 214 2006 Satis
248 1965 359 2016 enim
389 1965 473 2003 huc
508 1964 725 2017 p'ertinere
752 1965 909 2009 clarum
937 1969 1017 2005 θεῖ,
1070 1966 1277 2021 Sequitur
1303 1967 1412 2006 enim
1441 1967 1524 2006 iam
1554 1980 1603 2006 ea
1636 1966 1836 2006 orationis
1865 1965 1978 2020 pars,
2007 1978 2087 2019 qua
2117 1962 2189 2002 ad-

75 2018 293 2062 sversariis
321 2019 591 2072 respondent,
621 2019 690 2074 qui
718 2018 902 2084 honores
927 2020 1064 2060 Gallis
1095 2021 1400 2065 concedebant.
1459 2021 1707 2065 Concedunt
1734 2021 1862 2075 igitur
1893 2019 2019 2061 etiam
2038 2018 2083 2058 hi
2116 2018 2190 2058 ali-

87 2074 225 2131 quid3
251 2075 477 2129 fruerentur
505 2087 599 2113 sane
630 2075 818 2114 vocabulo
853 2074 1031 2127 civitatis,
1066 2076 1141 2116 sed
1177 2077 1234 2116 ita
1268 2084 1315 2116 ut
1343 2077 1451 2116 ultra
1490 2076 1683 2116 addenda
1714 2074 1923 2115 beneficia
1958 2075 2187 2128 denegent:

96 2122 108 2129 ς

83 2131 269 2180 jihsignia
288 2139 451 2182 patrum
478 2143 525 2168 ne
554 2130 780 2180 vulgarent.·
810 2130 951 2189 Quum
980 2130 1109 2186 igitur
1133 2131 1264 2172 verba
1283 2133 1510 2195 fruerentur
1539 2141 1614 2172 etc.
1642 2129 1850 2171 beneficia
1878 2131 1959 2170 iam
1986 2141 2188 2171 concessa

0 2127 188 2257 g÷'''41¹8³
216 2184 441 2233 nominent,
482 2183 583 2238 quid
612 2184 744 2238 magis
772 2184 1007 2239 probabile,
1041 2200 1166 2240 quam
1200 2186 1308 2227 Satis
1335 2187 1540 2240 mcepisse
1568 2186 1813 2227 sententiam
1842 2199 1947 2235 eam,
1977 2198 2059 2241 qua
2088 2183 2187 2224 satis

25 2238 251 2294 „magna
279 2239 334 2278 ad
360 2238 528 2278 illorum
566 2238 716 2278 merita
752 2239 834 2278 iam
872 2253 962 2280 esse
998 2241 1092 2280 data
1122 2240 1328 2281 beneficia
1358 2240 1624 2282 statuebant?
1695 2241 1818 2299 Quae
1846 2240 1986 2295 qualia
2014 2238 2186 2299 fuerint,

84 2302 146 2345 -et
173 2294 341 2334 aliunde
370 2302 412 2333 et
440 2306 494 2332 ex
527 2302 695 2333 senatus
730 2293 937 2349 consulto,
974 2295 1088 2350 quod
1117 2295 1201 2336 fine
1231 2309 1323 2351 cap.
1352 2297 1421 2340 24.
1451 2295 1641 2346 affertur,
1678 2297 1776 2336 satis
1802 2295 2071 2350 perspicuum
2099 2300 2186 2335 est:

101 2343 237 2391 Primi
263 2347 396 2388 Aedui
431 2358 658 2388 senatorum
692 2350 731 2388 in
765 2350 857 2389 urbe
890 2353 951 2391 ius
978 2352 1107 2403 adepti
1134 2362 1235 2392 sunt.
1292 2351 1445 2392 Datum
1473 2354 1514 2392 id
1528 2352 1687 2406 foederi
1720 2353 1893 2404 antiquo,
1929 2360 1965 2390 et
1991 2351 2084 2404 quia
2110 2349 2187 2389 soli
2243 2345 2338 2391 Ϊ

29 2408 34 2412 ’
97 2404 306 2444 Gallorum
329 2404 587 2458 fraternitatis
614 2417 757 2443 nomen
795 2411 885 2444 cuni
909 2406 1069 2466 Bupalo
1095 2406 1290 2447 Romano
1328 2417 1527 2460 usurpant.
1576 2406 1866 2468 Quapropter,
1889 2406 2010 2447 etiam
2039 2404 2074 2445 si
2100 2416 2184 2443 non
2327 2435 2331 2438 .

98 2458 134 2499 is
162 2473 265 2512 sum,
291 2458 373 2512 qui
393 2458 483 2512 ipsa
511 2458 646 2498 Taciti
675 2458 807 2499 verba
836 2473 911 2506 me*
932 2463 1058 2513 posse
1088 2460 1276 2502 divinare
1305 2462 1499 2512 arbitrer,
1526 2463 1774 2516 praesertim
1804 2475 1896 2502 cum
1927 2461 1980 2501 de
2006 2470 2202 2508 numero·v

97 2513 315 2553 literarum
338 2512 712 2569 quaessinterierint,
738 2514 839 2553 nihil
859 2514 1103 2568 doceamur,
1130 2517 1260 2557 talem
1284 2524 1423 2558 tamen
1447 2516 1540 2558 fere
1564 2516 1805 2559 sententiam
1831 2516 1994 2571 perisse
2021 2513 2184 2555 iudico:

102 2568 212 2610 Satis
237 2569 379 2610 honori
405 2570 562 2615 datum3
579 2569 807 2623 fruerentur
834 2574 927 2610 sane
954 2571 1140 2611 vocabulo
1167 2573 1346 2613 civitatis.

339 2689 345 2694 .
959 2652 1086 2694 Ann.
1113 2654 1191 2692 XII
1235 2651 1304 2694 65.

304 2714 366 2758 Ob
393 2718 488 2758 haec
512 2698 733 2775 (Lepidae)
756 2733 867 2769 mors
893 2721 1036 2761 indicta
1063 2682 1232 2771 multuin
1258 2723 1483 2765 adversante
1500 2721 1707 2773 Narcisso,
1727 2721 1794 2774 qui
1804 2695 2070 2772 Agrippinam
2096 2728 2182 2756 ma·

35 2799 37 2801 ·
95 2771 162 2821 gis
195 2773 398 2826 magisque
432 2783 655 2827 suspectans
675 2777 919 2829 prompsisse
947 2777 1049 2817 inter
1070 2778 1286 2830 ‘proximos
1310 2778 1526 2832 ferebatur,
1565 2776 1737 2825 Certam¹
1755 2774 2080 2833 sibi:·}>eqniciem,
2114 2784 2183 2813 seu
2215 2804 2218 2806 .
2255 2795 2272 2801 *-
