2398 3086
334 136 354 155 .
1048 139 1457 197 >-22—

238 287 354 329 ritati
413 293 534 327 arum
565 282 834 335 successerit,
857 293 979 322 meae
1008 282 1509 347 succedat‘simplicitati.
1562 284 1714 340 Itaque
1748 284 1928 349 loquens
1964 287 2175 331 inducitur
2205 290 2336 333 noim

237 343 394 397 calus,‘
427 354 524 382 omo
553 341 797 389 Germanus,
856 338 901 377 ui
936 351 1064 394 quum
1097 337 1362 392 Ampsivarii:
1389 353 1413 379 a
1443 338 1641 380 Chaucis.
1671 353 1696 380 e
1719 340 1904 382 ‚sedum
1968 343 2054 384 alsi
2088 346 2337 400 agrowh„
2377 341 2389 350 “

236 403 442 453 patentes,
500 396 542 435 ui
569 394 798 435 infinibus
827 353 1081 433 germaniae
1110 392 1237 433 vacui
1263 392 1469 447 iacebant,
1497 402 1540 435 et
1568 408 1676 449 quos
1707 402 1810 436 ante.
1831 395 1918 436 iam
1981 395 2340 455 riniisoccnpn‘m

238 456 348 504 rant,
375 454 465 492 inse
497 450 653 503 issent,
684 450 837 490 cedere
864 462 885 489 e
913 447 1032 488 novis
1061 446 1227 488 sedibus
1261 447 1398 492 iussus
1438 463 1461 488 a
1490 448 1795 490 Dubi0.Avit0
1832 444 2173 506 indignabundus
2205 454 2338 499 eade
2384 498 2389 501 ,

238 508 392 549 iniuria
421 505 596 546 disserit.
638 503 789 561 Neque
818 503 929 543 enim
957 502 1159 543 Germani
1187 503 1416 543 nomadum
1434 504 1623 545 instituta
1645 514 1848 546 noverant
1871 515 1914 547 et
1936 511 2191 561 pascuorum
2252 512 2263 520 ”

239 576 398 606 vacuos
419 562 575 601 iacere
609 571 733 614 agros
767 558 1031 606 insolentiam
1065 557 1466 612 interpretabantur:
1510 558 1643 600 ‘Sicuti
1673 560 1824 601 caelum
1844 563 1951 612 deis,
1986 566 2042 604 ita
2073 574 2218 619 terras,
2252 558 2337 608 ao-

241 619 355 669 bant,
379 619 514 669 generi
527 617 772 656 *mortalium
800 615 926 661 datas,
955 627 1128 666 quaeque
1155 627 1312 668 vacuae,
1343 628 1409 654 eas
1429 615 1607 667 publicas
1636 628 1729 655 esse.
1785 617 1980 671 Ingentes
2007 619 2137 676 igitur
2163 626 2337 675 campo·
2362 644 2373 648 <

240 674 379 714 iacere
410 671 698 727 conqueritur,
726 670 769 710 in
788 682 893 725 quos
911 667 1328 722 aliquando-pecora
1356 669 1536 710 militum
1565 669 1839 711 mitterentur.
1863 673 2034 729 .Neque
2054 687 2101 715 se
2114 674 2338 727 obsistam,

241 728 464 784 quominus
500 726 637 780 agros
667 724 767 764 huic
805 723 899 764 usui
933 726 1131 777 receptos
1172 737 1247 764 seu
1281 733 1507 779 exceptos,
1548 738 1801 781 quamquam
1827 726 1994 769 medios
2017 729 2128 771 inter
2154 729 2338 773 humana

243 781 496 825 commercia
526 780 812 834 interpositos,
840 787 1077 829 servarent3
1110 778 1240 819 modo
1261 791 1329 818 ·ne
1358 782 1412 820 se'
1433 793 1485 820 ex
1513 792 1662 820 eorum
1692 781 1986 836 aliqua'parte
2007 790 2216 837 arcerent,
2243 799 2338 828 vm

238 839 493 892 titatemque
515 836 722 892 ,mallent‚
759 847 885 890 quam
918 834 1075 874 amicos
1112 834 1313 887 populos.⁴
1348 835 1488 876 »Haec
1524 835 1689 876 >uidem
1724 835 1846 877 huius
1873 837 1968 883 -ioci
2010 840 2226 881 sententia:
2257 848 2336 883 α,

238 895 347 934 Nam
406 905 505 932 uum
535 890 659 942 dicit,
679 934 681 937 ,
703 890 883 947 Quotam
912 892 1068 941 partem
1095 891 1376 942 comprimere
1403 898 1506 941 εἴα,
1573 890 1735 932 reviter
1761 891 1804 931 in
1827 896 1960 933 ¹u'nam
1984 894 2087 934 duas
2114 896 2340 938 sententias
2392 904 2398 918 ⁴

239 948 387 990 contra
419 948 471 986 it:
511 944 720 1008 Quantam
751 952 916 998 partem
942 943 1093 993 iacere,
1123 952 1163 984 et
1191 952 1363 999 quotam
1394 958 1440 985 se
1467 944 1566 985 inde
1593 950 1768 986 suorum
1798 946 1841 986 in
1869 961 1993 989 usum
2021 962 2215 1003 poscere.
2250 949 2378 997 vas

239 1004 277 1046 si
304 1018 350 1046 ea
380 1001 671 1055 interpretatio
701 1000 849 1041 durior
875 998 1081 1048 videatur,
1109 998 1168 1039 ita
1190 1000 1393 1055 eloquar}
1416 1000 1604 1041 Festinat
1631 1001 1685 1041 ad
1711 1002 1982 1055 propositum
2008 1013 2169 1055 orator,
2189 1000 2336 1062 itaq-0
2392 1039 2398 1055 ,-

240 1067 395 1115 quanta
425 1056 597 1098 omnino
627 1070 726 1110 pars
758 1054 846 1110 agri
875 1054 1022 1105 iaceat,
1050 1053 1273 1107 praeterit,
1300 1054 1525 1111 statimque
1553 1064 1726 1110 quotam
1754 1065 1941 1110 partem,
1977 1059 2040 1110 (in
2073 1073 2198 1115 quam
2225 1063 2340 1110 inm
2358 1054 2398 1095 0ss

239 1117 335 1156 dum
361 1113 539 1154 militum
569 1123 726 1167 pecora
752 1110 1004 1162 mittantur),
1032 1111 1097 1149 sui
1125 1117 1310 1164 teneant,
1339 1118 1657 1151 commemorat.
1712 1111 1935 1167 Reliquam
1963 1113 2018 1154 ab
2032 1114 2208 1157 aliarum
2235 1092 2398 1172 ganz?

240 1171 345 1211 tium
374 1167 606 1208 insessione
634 1164 854 1219 recipiant,
881 1172 1130 1219 serventque
1155 1164 1333 1205 militum
1362 1165 1563 1221 gregibus
1591 1165 1770 1207 tuendis.
1828 1167 2093 1228 Quamquam
2122 1170 2175 1212 de
2201 1171 2337 1227 prin·
2379 1179 2391 1188 ’·

241 1225 410 1281 quidem
438 1222 568 1262 huius·
588 1219 791 1262 orationis
827 1227 951 1274 parte
978 1219 1318 1274 interpretanda,
1353 1235 1484 1276 quum
1518 1220 1625 1261 mihi
1654 1229 1794 1261 tamen
1823 1236 1907 1263 non
1934 1224 2171 1279 simplicior
2196 1226 2339 1268 vido·

236 1290 320 1332 tur,
346 1272 474 1336 q'uam
501 1275 698 1332 proxime
732 1276 979 1331 insequens,
1007 1274 1063 1315 de
1101 1289 1184 1330 qua
1219 1288 1367 1317 omnes
1403 1276 1581 1317 maxime
1614 1276 1724 1318 inter
1757 1290 1804 1318 se
1838 1277 2102 1334 discrepant,
2131 1274 2334 1324 neminen

239 1335 467 1376 admodum
496 1332 618 1374 video
649 1331 921 1372 dubitavisse.
978 1330 1061 1371 Sed
1096 1331 1150 1370 de
1187 1331 1334 1386 altera,
1394 1331 1601 1372 Servarent
1635 1345 1750 1384 sane,
1783 1335 1962 1375 multum
1995 1335 2075 1379 viri
2101 1335 2218 1378 docti
2245 1350 2335 1378 mo·

237 1390 411 1431 liuntur.
454 1389 582 1427 Nullo
611 1396 753 1427 tamen
781 1387 886 1426 iure.
932 1386 1040 1425 Nam
1066 1393 1239 1438 praeter
1267 1386 1584 1430 coniunctivum
1612 1399 1806 1428 servarent
1836 1398 1982 1442 aperte
2010 1391 2216 1444 particula
2241 1405 2338 1438 sote

240 1443 508 1488 concedentis
537 1443 646 1482 hanc
675 1455 766 1483 esse
794 1440 1029 1481 orationem
1058 1440 1342 1493 demonstrat3
1380 1441 1578 1498 idemque
1603 1442 1672 1482 vel
1702 1442 1930 1484 evidentius
1955 1445 2083 1487 docet
2107 1447 2245 1487 oratio
2271 1440 2336 1488 in-

239 1513 434 1557 sequens,
465 1512 548 1554 qua
575 1497 691 1553 quod
722 1509 935 1551 nunquam
963 1495 1282 1536 concedendum
1310 1496 1540 1537 arbitratur
1564 1497 1795 1538 Boiocalus
1824 1499 2003 1554 opponit
2030 1500 2070 1541 ei
2098 1501 2215 1556 quod
2235 1507 2335 1543 con·

240 1563 444 1598 cesserat:
478 1554 599 1594 modo
625 1567 672 1593 ne
700 1553 860 1593 mallent
891 1553 1114 1592 vastitatem
1145 1559 1221 1592 etc.
1264 1551 1415 1608 Neque
1449 1553 1588 1592 minus
1625 1552 1726 1608 quid
1764 1554 1990 1610 concedat,
2025 1565 2168 1620 potest
2200 1553 2336 1599 amisi-

238 1625 370 1668 guum
408 1622 513 1650 esse.
569 1609 676 1648 Nam
719 1621 829 1662 quae
870 1621 894 1646 a
932 1608 1082 1660 campis
1117 1614 1295 1661 propter
1333 1621 1482 1663 greges
1524 1610 1655 1648 vacm's
1692 1609 1931 1664 exorditur,
1959 1618 2002 1652 et
2027 1608 2086 1651 uf
2099 1613 2334 1670 vastitaton,

239 1679 347 1723 quae
373 1673 554 1719 propter
577 1663 756 1704 eundem
782 1675 904 1703 usum
923 1661 1112 1703 instituta
1130 1662 1197 1713 sit,
1219 1662 1518 1704 exsecrandam
1542 1662 1686 1704 finitur
1706 1664 1856 1718 oratio,
1876 1663 2012 1705 media
2031 1675 2168 1707 autem
2184 1663 2335 1715 iisdem

239 1720 440 1778 gregibus
478 1718 637 1774 aliquid
672 1717 888 1770 concedit,
924 1717 1027 1772 quid
1061 1731 1219 1774 quaeso
1256 1730 1307 1765 ea
1343 1718 1420 1775 nisi
1457 1730 1620 1772 mmpos
1654 1719 1894 1760 concedere
1926 1720 2109 1775 poterit?
2147 1723 2337 1767 Utuntur.
2373 1766 2378 1772 ,

236 1790 344 1821 vero
371 1775 453 1815 hac
477 1773 807 1838 Paromologiae
834 1772 989 1828 figura,
1034 1781 1079 1813 ut
1115 1785 1226 1828 quae
1262 1772 1460 1814 affectum
1496 1774 1727 1829 praecipue
1764 1774 1930 1825 deceat,
1972 1776 2108 1817 Taciti
2145 1776 2342 1824 oratoru&

237 1831 493 1886 saepissime.
547 1830 636 1870 Nos
661 1829 832 1884 quidem
861 1829 987 1883 plane
1015 1828 1195 1878 similem
1228 1842 1356 1883 supra
1384 1828 1608 1870 habuimus
1646 1831 1724 1879 XI,
1761 1830 1839 1873 23:
1879 1831 2114 1882 Fruerentur
2145 1846 2249 1875 sane:
2270 1832 2336 1876 ω’-

237 1888 376 1930 cabulo
405 1887 593 1932 civitati33
634 1886 803 1936 insignia
824 1895 989 1938 patrum
1013 1886 1152 1924 decora
1179 1887 1486 1935 magistratuum
1513 1899 1560 1925 ne
1589 1886 1801 1936 vulgarent.
1856 1886 1964 1926 Nam
2000 1886 2043 1927 in
2073 1888 2335 1944 utroquee'a
2384 1892 2391 1930 ’.

238 1956 350 1999 quae
378 1940 669 1982 conceduntur
695 1940 766 1982 vix
796 1939 1083 1990 concedenda,
1110 1940 1187 1979 sed
1214 1947 1355 1979 tamen
1383 1940 1511 1980 nimia
1540 1940 1723 1996 quadam
1757 1941 1962 1983 modestia
1996 1942 2066 1983 vel
2103 1943 2231 1984 animi
2257 1938 2340 1986 bo·
2384 1986 2392 1993 ,

237 1998 368 2040 nitate
403 1996 624 2051 largienda
659 1994 899 2050 finguntur,
937 2007 1021 2051 quo
1064 1995 1129 2036 vel
1169 1995 1410 2050 perversius
1448 1995 1519 2037 vel
1554 1995 1740 2036 atrocius
1774 1995 1820 2036 id
1846 2009 1940 2037 esse
1966 2005 2189 2051 appareat,
2217 1996 2392 2056 quod

238 2052 393 2095 deinde
424 2052 510 2092 ullo
541 2051 668 2092 modo
695 2049 1013 2092 concedendum
1042 2058 1233 2107 negatur.
1290 2051 1356 2090 Ex
1383 2047 1535 2091 eodem
1566 2064 1700 2105 porro
1738 2052 1916 2092 consilio
1955 2065 2234 2108 consequens·
2292 2052 2301 2106 j
2340 2057 2398 2098 „l

237 2117 287 2150 ut
314 2121 401 2164 quo
432 2107 571 2148 acrior
596 2106 707 2147 inter
733 2119 934 2157 concessa
963 2114 1002 2147 et
1031 2119 1114 2146 non
1142 2105 1414 2159 concedenda
1446 2106 1662 2160 antithesis
1691 2106 1755 2158 sit,
1783 2106 1855 2146 illa
1879 2107 1969 2162 ipsa
1984 2119 2186 2149 concessa
2388 2144 2393 2150 .

236 2163 402 2222 'pqssint
428 2163 608 2202 maxime
637 2161 935 2214 deminuantur
963 2169 1006 2202 et
1033 2169 1292 2202 coartentun
1315 2175 1317 2178 ·
1348 2161 1478 2204 Velut
1501 2174 1629 2216 supra
1663 2163 1947 2202 vocabulum
1979 2165 2148 2204 civitatis
2183 2165 2257 2206 vol
2345 2203 2348 2206 Α

238 2219 502 2263 concessisse
529 2217 683 2258 videri.>
736 2217 899 2257 Eadem
927 2229 1047 2269 vero·
1061 2217 1187 2271 plane
1217 2226 1426 2257 resnun‘c
1461 2217 1619 2272 agitur,
1654 2216 1729 2257 ubi
1764 2217 1820 2258 de
1853 2218 2111 2260 commercio
2146 2210 2370 2272 humffl‘g

235 2276 462 2318 locuturus
493 2287 542 2314 ea
569 2272 802 2327 hyperbole
829 2272 975 2322 utitur,
1004 2279 1051 2312 ut
1080 2272 1168 2313 eius
1196 2272 1295 2313 loco
1324 2274 1532 2313 hominum
1547 2275 1714 2327 famam
1739 2272 1945 2327 proferat.
1973 2286 2071 2313 narn
2098 2264 2390 2320 extremuni&

239 2343 289 2371 ac
317 2330 546 2383 minimum,
575 2328 691 2384 quod
718 2328 830 2369 inter
858 2340 904 2368 se
931 2327 1124 2368 homines
1155 2340 1376 2369 commune
1402 2327 1566 2373 habere
1596 2335 1792 2382 possunt,
1830 2328 1996 2369 auditus
2037 2336 2081 2369 et
2117 2327 2358 2380 samaeas?

236 2384 375 2429 Vacui
404 2384 555 2439 campi,
584 2384 653 2434 ait,
681 2397 766 2439 quo
795 2383 1013 2423 hominum
1042 2383 1247 2439 quaedam
1274 2381 1386 2423 fama
1414 2383 1639 2438 pervenire
1662 2383 1807 2437 possit,
1831 2397 2031 2439 nusquam
2048 2384 2333 2441 relinquendi,
2370 2423 2395 2434 ,,

236 2439 309 2482 sed
338 2440 487 2495 generi
515 2438 757 2479 mortalium
787 2454 810 2478 a
840 2438 903 2478 dis
935 2438 1021 2479 dati
1050 2437 1249 2478 censendi
1278 2446 1386 2479 sunt.
1442 2438 1528 2489 Sed
1569 2447 1679 2488 esto,
1717 2437 1876 2494 aliquid
1914 2439 1956 2478 in
1992 2453 2117 2480 usum
2151 2453 2332 2495 gregum

238 2497 462 2550 seponatis.
506 2493 632 2554 Quid,
662 2494 698 2534 si
721 2493 960 2538 vastitatem
989 2494 1126 2545 vultis,
1156 2506 1283 2549 quam
1310 2489 1469 2534 amicos
1494 2493 1706 2548 populos?
1749 2495 1895 2550 Neque
1923 2493 2071 2543 silebo,
2100 2494 2202 2551 quid
2229 2494 2334 2537 effe·

237 2550 358 2602 cerit,
386 2558 433 2590 ut
459 2550 566 2590 haec
596 2548 694 2590 satis
723 2548 818 2600 iam,
847 2549 883 2588 si
912 2549 1016 2604 quid
1047 2549 1184 2599 video,
1209 2548 1383 2589 illustris
1411 2549 1546 2589 oratio
1574 2548 1799 2589 obscurior
1833 2548 1969 2589 videri
1996 2549 2192 2604 potuerit.
2248 2550 2332 2600 Ne,-

237 2619 320 2662 que
347 2606 459 2648 enim
487 2606 577 2646 sola
606 2604 807 2645 orationis
837 2604 1022 2646 brevitas
1046 2604 1224 2645 molesta
1255 2612 1331 2655 est,
1359 2607 1458 2645 inter
1484 2606 1691 2644 hominum
1707 2605 1896 2658 famam;
1933 2618 2030 2644 nam
2060 2618 2152 2645 eam
2178 2606 2222 2646 in
2250 2607 2333 2647 Ta-

240 2661 326 2703 cito
358 2660 440 2702 cito
469 2661 641 2702 vincere
671 2660 896 2712 discimus3
942 2660 1073 2701 veluti
1102 2673 1226 2701 nemo
1255 2658 1448 2710 haereat,
1483 2660 1519 2700 si
1548 2659 1651 2715 quid
1681 2673 1866 2714 unquam
1894 2659 2007 2699 inter
2033 2658 2250 2701 hominum
2277 2659 2342 2706 fh,
2368 2675 2373 2679 ·

238 2730 351 2757 mam
378 2715 583 2757 accidisse
609 2724 809 2770 negetur3
848 2728 983 2771 neque
1013 2715 1053 2755 in
1083 2728 1158 2770 eo,
1195 2714 1231 2756 si
1269 2714 1369 2771 quid
1396 2715 1509 2755 inter
1540 2714 1757 2756 hominum
1795 2714 1949 2754 famam
1986 2722 2183 2756 vetemur
2217 2718 2341 2762 coni-2
2383 2719 2390 2730 ’

236 2771 424 2826 mittere3
465 2771 610 2827 magis,
638 2770 675 2811 si
703 2771 804 2826 quid
832 2771 944 2812 inter
972 2769 1190 2811 hominum
1219 2769 1374 2811 famam
1402 2769 1554 2811 facere·
1573 2769 1815 2822 iubeamur3
1853 2782 1964 2834 quae
1997 2781 2111 2811 nunc
2143 2782 2212 2811 res
2237 2768 2372 2828 Ἀσίῃ,

236 2834 303 2868 tra
326 2835 404 2870 est.
451 2821 541 2870 *sea
569 2825 702 2882 magis
731 2840 807 2868 nos
842 2830 1032 2869 moratur
1068 2826 1262 2883 neglecta
1297 2827 1475 2881 veritas,
1502 2836 1602 2868 nam
1634 2824 1829 2868 crebrius
1862 2824 1952 2866 illic
1989 2832 2084 2866 erat
2113 2813 2379 2891 1¹0M²

2362 2900 2374 2922 ι’

2310 2985 2323 2997 ’4

2286 2994 2311 3018 ,¹⁴:-
