2476 3086
159 834 276 920 Ex
310 886 393 929 quo
423 872 475 915 de
504 873 680 915 caelesti
708 886 759 917 eo
790 886 943 925 curru,
980 888 1066 931 quo
1104 886 1151 915 se
1188 874 1326 916 solum
1352 874 1548 917 Manilius
1586 876 1705 917 veluti
1730 888 1851 918 vacuo
1880 878 1977 919 orhe—
1999 888 2267 923 vectatur-um

159 932 262 973 scite
288 928 587 984 praeviderat,
611 929 704 984 iPse
742 929 944 971 descendi
983 938 1107 985 atque
1137 943 1329 986 gressum
1366 931 1410 971 in
1438 932 1523 972 hoc
1560 933 1668 973 vitae
1702 930 1845 973 sorum
1883 933 1962 973 tuli
1991 935 2267 994 'Paestumque

159 984 438 1038 interpretari
468 984 591 1039 coepi
612 994 932 1040 programmate
959 986 1172 1040 proximo,
1202 986 1380 1042 contigit
1406 986 1524 1039 mihi,
1551 995 1598 1027 ut
1628 987 1776 1041 plures
1813 1002 1940 1043 quam
1969 999 2065 1031 ante
2102 991 2265 1035 itineris

99 1048 102 1049 ’
160 1041 301 1083 socios
323 1040 605 1080 nanciscerer.
660 1041 777 1082 Inter
795 1054 899 1096 quos
923 1054 1046 1094 unus,
1070 1040 1171 1081 dum
1195 1042 1330 1082 amice
1359 1042 1414 1082 de
1445 1042 1506 1082 eis
1535 1055 1645 1098 quae
1669 1050 1758 1083 tum
1785 1044 2079 1098 proponebam
2097 1046 2268 1100 iudicat,

158 1096 261 1138 ficto
288 1095 408 1145 vultu
435 1095 560 1135 simul
587 1108 656 1135 me
686 1095 857 1136 beatum
885 1096 1102 1137 hominem
1128 1097 1365 1151 praedicat,
1400 1097 1516 1153 quod
1543 1111 1624 1153 per
1646 1105 1712 1138 tot
1740 1098 1929 1139 Cornelii
1952 1108 2039 1140 tam
2069 1101 2266 1145 difficiles

158 1151 295 1192 libros
324 1158 410 1190 tam
438 1163 598 1204 paucos
617 1150 751 1206 locos,
779 1151 824 1190 in
848 1151 1002 1206 quibus
1030 1151 1254 1192 haererem
1278 1152 1526 1194 invenerim.
1584 1153 1641 1194 Se
1670 1153 1841 1208 quidem
1868 1167 2019 1195 eorum
2048 1171 2158 1220 quae
2177 1158 2267 1200 illic

159 1213 447 1247 tractarentur
473 1206 674 1260 pleraque
696 1205 856 1246 dudum
876 1207 920 1246 in
937 1205 1103 1247 'mundo
1127 1207 1349 1258 habuisse3
1380 1207 1452 1248 sed
1475 1207 1556 1247 alia
1578 1221 1690 1250 ame
1708 1208 1870 1249 maiora
1891 1217 2134 1253 transmlssa
2159 1227 2266 1267 esse,

150 1262 280 1307 velut
308 1260 449 1313 xl,23
458 1275 470 1313 3
500 1262 592 1314 XII,
609 1255 687 1314 653
715 1262 825 1313 xm,
842 1261 910 1314 26,
925 1260 995 1316 41,
1009 1261 1077 1313 44,
1095 1261 1172 1311 553
1202 1262 1257 1303 de
1274 1262 1426 1318 quibus
1451 1262 1551 1318 quid
1567 1263 1658 1317 ipse
1682 1264 1881 1304 sentirem
1895 1266 2094 1309 maluisse
2109 1268 2266 1309 doceri.

159 1316 325 1380 Quibus
353 1315 426 1355 ille
454 1315 596 1357 verbis
626 1316 716 1358 sive
746 1316 890 1371 aequis
918 1317 1006 1359 sive
1031 1316 1184 1373 iniquis
1214 1326 1460 1359 currentem
1488 1327 1642 1370 tamen,
1670 1327 1716 1359 ut
1744 1319 1877 1372 aiunt,
1903 1321 2063 1362 incitat.
2117 1325 2267 1380 Itaque

161 1381 387 1428 antequam
426 1371 478 1411 ad
506 1371 779 1413 historiarum
808 1371 961 1427 libros,
995 1380 1043 1413 ut
1076 1380 1282 1428 potuero,
1317 1373 1657 1428 interpretandos
1694 1374 1917 1427 accedam,
1946 1379 2142 1430 experiar
2171 1393 2268 1434 ego,

116 1441 122 1443 ·
159 1428 197 1469 si
234 1427 304 1470 vel
342 1426 393 1468 de
428 1426 512 1467 illis
540 1426 649 1467 locis
675 1427 909 1485 paucisque
945 1427 1050 1479 aliis,
1146 1428 1202 1470 od
1232 1430 1367 1469 amico
1384 1429 1580 1483 placeat,
1607 1442 1854 1484 proponere
1888 1433 2060 1484 possim.
2115 1435 2267 1490 Neque

159 1495 265 1524 vero
293 1480 471 1535 faciam,
511 1482 629 1522 utin
659 1495 735 1523 eos
764 1495 833 1522 me
870 1482 1090 1524 coniectan
1123 1483 1137 1522 i
1175 1483 1354 1538 laqueos
1390 1484 1585 1537 induam,
1618 1484 1699 1525 nisi
1737 1485 1856 1539 prius
1892 1486 2009 1542 leges
2048 1490 2267 1544 quasdam,

161 1552 265 1594 quas
293 1537 337 1577 in
367 1536 634 1577 emendando
664 1538 814 1578 Tacito
851 1538 1086 1593 sequendas
1114 1538 1222 1579 mihi
1250 1539 1516 1593 scripserim,
1551 1538 1834 1593 praemisero3
1866 1554 1953 1580 non
1990 1556 2058 1583 eas
2154 1544 2267 1586 ’dem

162 1606 294 1634 novas
326 1600 370 1632 et
394 1592 613 1643 inauditas,
642 1592 719 1632 sed
740 1607 843 1648 quas
872 1601 922 1633 ut
949 1608 973 1634 a
990 1593 1206 1649 plerisque
1233 1594 1447 1648 probatas,
1476 1595 1533 1634 ita
1559 1608 1645 1635 non
1670 1593 1723 1634 ab
1753 1595 1948 1635 omnibus
1973 1599 2036 1638 vel
2063 1559 2266 1654 religiose

159 1650 231 1691 vel
263 1656 506 1693 constanter
534 1647 743 1688 exercitas
778 1647 955 1690 videam.
1012 1649 1119 1690 Sunt
1148 1657 1284 1690 autem
1309 1649 1392 1689 hae
1411 1648 1526 1689 fere:
1562 1651 1603 1689 A
1628 1649 1777 1691 codice
1805 1651 2057 1693 Florentino
2083 1652 2267 1710 optimo,

159 1703 241 1746 nisi
268 1715 447 1757 necesse
477 1703 544 1756 sit,
570 1717 625 1743 ne
655 1702 845 1743 abeatur.
899 1705 946 1742 In
977 1717 1064 1759 quo
1093 1717 1222 1759 quum
1259 1704 1367 1744 illud
1395 1704 1626 1745 videndum
1657 1705 1732 1759 sit,
1758 1719 1815 1747 ne
1843 1721 1925 1761 qua
1953 1710 2266 1763 superstitionis

159 1758 334 1813 nebula,
361 1758 406 1798 id
435 1758 550 1812 quod
579 1758 813 1800 walthero
842 1757 1017 1812 accidit,
1046 1773 1132 1814 quo
1161 1759 1296 1799 minus
1324 1759 1475 1800 vitiosa
1502 1760 1730 1811 videamus,
1757 1761 2062 1814 impediamur3
2092 1773 2182 1805 tum
2209 1779 2265 1807 ne

157 1815 398 1871 priscorum
431 1813 649 1855 hominum
673 1812 979 1867 suspicionibus
1008 1821 1053 1855 et
1080 1814 1260 1854 acumini
1288 1814 1397 1855 iusto
1435 1814 1603 1868 saepius
1639 1815 1936 1870 concedamus,
1969 1819 2102 1860 multo
2130 1816 2265 1876 magis

158 1868 391 1912 verendum
424 1876 500 1909 est.
557 1871 664 1910 Nam
697 1877 811 1909 tanta
850 1867 1047 1923 profecto
1084 1869 1258 1910 illorum
1295 1871 1487 1911 virorum
1525 1879 1586 1911 est
1619 1871 1868 1927 auctoritas,
1904 1881 1992 1912 tum
2031 1875 2265 1916 acerrimus

159 1924 335 1965 Latinae
375 1924 688 1964 consuetudinis
726 1931 863 1965 tantus
900 1938 1058 1978 sensus,
1085 1933 1133 1966 ut
1161 1924 1400 1966 cohibenda
1437 1926 1632 1965 consulto
1661 1938 1810 1966 eorum
1843 1928 2096 1969 verecundia
2123 1935 2266 1987 neque

160 1980 206 2020 id
235 1979 570 2021 obliviscendum
596 1979 662 2032 sit,
689 1992 764 2020 eos
793 1979 907 2019 haud
929 1993 1031 2020 raro
1059 1981 1157 2034 plus
1182 1980 1317 2030 nimis,
1348 1981 1451 2020 dum
1469 1980 1718 2035 indagandis
1746 1981 1856 2022 vitiis
1882 1984 2089 2038 sagaciter
2115 1986 2266 2027 intenti

128 2083 130 2085 Ι
162 2035 267 2087 sint,
294 2034 519 2074 indulsisse
549 2034 735 2089 ingenio.
793 2033 916 2130 guae
944 2034 1188 2077 observatio
1217 2050 1347 2091 quum
1383 2037 1426 2076 in
1455 2037 1627 2091 longam
1657 2036 1984 2090 disputationem
2013 2038 2067 2079 de
2094 2041 2266 2083 illorum

160 2090 355 2132 virorum
390 2097 717 2145 temporumque
754 2089 796 2129 in
830 2090 899 2130 ole
935 2104 1012 2131 nos
1046 2090 1248 2144 pellicere
1284 2091 1442 2146 possit,
1480 2099 1593 2131 nunc
1624 2100 1766 2132 tamen
1799 2092 1842 2131 in
1878 2107 1961 2133 una
1988 2109 2057 2145 re,
2097 2109 2207 2152 quae
2239 2111 2265 2137 e

163 2145 360 2186 codicum
388 2145 502 2186 varia
532 2145 692 2185 ratione
719 2153 761 2186 et
788 2154 938 2185 natura
961 2145 1180 2200 desumpta
1209 2155 1283 2197 est,
1310 2146 1546 2201 paullisper
1567 2147 1824 2186 commorari
1855 2149 2100 2202 praestabit.
2133 2152 2267 2192 'Nam

161 2200 234 2250 illa
265 2208 377 2253 aetas
407 2199 510 2255 quid
529 2214 552 2239 a
591 2200 808 2251 codicibus
833 2200 1005 2241 codices
1034 2199 1276 2253 differrent,
1301 2215 1568 2257 nequaquam
1597 2201 1824 2256 diligenter
1852 2204 1919 2244 vel
1949 2204 2164 2261 inquisivit
2191 2208 2264 2249 vel

163 2255 340 2302 curavit.
396 2255 479 2295 Alii
508 2255 621 2296 enim
650 2254 748 2295 libri
778 2263 896 2310 sunt,
923 2255 998 2312 qui
1026 2265 1194 2311 praeter
1219 2257 1325 2297 mira
1353 2257 1427 2296 illa
1456 2257 1577 2308 vitia,
1606 2257 1843 2312 quaexdum
1870 2258 1914 2298 in
1942 2262 2266 2318 uniuscuiusque
2300 2290 2303 2293 -

162 2307 310 2353 oculos
346 2308 475 2350 facile
511 2310 735 2350 incurrere
771 2311 986 2363 videntur,
1021 2311 1180 2352 intacta
1206 2321 1348 2353 tamen
1378 2326 1402 2351 a
1430 2326 1592 2352 summa
1628 2311 1728 2352 inde
1768 2313 2014 2368 antiquitate
2039 2331 2268 2371 promana-

161 2374 336 2416 verunt,
362 2364 503 2405 omnia
529 2379 628 2406 sana
657 2375 785 2421 atque
808 2374 920 2407 sarta
949 2366 1164 2407 exhibent.
1221 2369 1306 2409 Alii
1331 2381 1480 2407 rursus
1507 2367 1642 2408 laceri
1669 2375 1795 2423 atque
1825 2368 2015 2423 dissipati
2045 2372 2160 2413 aedis
2188 2373 2266 2413 ali-3

142 2421 283 2462 -cuius
302 2419 545 2462 vehementi
563 2421 839 2462 concussione
859 2423 1291 2476 promptae-speciem
1309 2421 1515 2473 referunt,
1531 2423 1649 2462 cuius
1666 2423 1851 2464 nativum
1879 2425 2266 2479 splendorem„nisi

162 2475 405 2517 recentiore
432 2490 559 2529 manu
588 2476 825 2517 adstructas
863 2490 1066 2518 erronum
1105 2490 1220 2518 casas
1256 2478 1493 2532 prudenter
1527 2478 1759 2519 semoveris
1788 2488 1831 2520 et
1857 2493 1937 2533 per
1962 2481 2046 2521 ima
2074 2491 2265 2524 meantes

161 2531 463 2571 luxuriantium
491 2530 723 2581 herbarum
751 2531 918 2581 radices
947 2532 1120 2572 fortiter
1142 2534 1363 2586 evelleris,
1391 2532 1552 2573 frustra
1579 2542 1623 2574 te
1652 2546 1799 2587 speres
1827 2536 2130 2577 restituturum.
2177 2538 2265 2579 Alii

162 2585 347 2642 denique
374 2586 487 2626 inter
513 2594 720 2642 utrosque
747 2587 879 2628 medii
904 2581 999 2628 sunt
1006 2602 1020 2639 3
1057 2601 1140 2642 per
1168 2602 1274 2643 quos
1315 2597 1543 2644 postquam
1580 2588 1839 2643 aliquamdiu
1864 2590 2002 2631 libero
2029 2606 2175 2646 gressu
2203 2593 2264 2633 in-

165 2641 336 2693 cessisti,
362 2650 538 2695 repente
564 2641 607 2681 in
637 2643 838 2696 scopulos
875 2650 1082 2689 etaestus
1110 2644 1353 2684 immersum
1383 2653 1423 2685 te
1449 2643 1592 2685 sentis.
1649 2643 1778 2684 Cuius
1793 2646 2140 2698 dissimilitudinis
2167 2662 2264 2689 cum

162 2697 308 2738 variae
337 2710 487 2737 causae
515 2697 609 2747 sint,
635 2707 747 2739 nunc
775 2712 922 2753 unam,
949 2711 1061 2754 quae
1080 2699 1125 2738 in
1153 2699 1346 2741 codicem
1373 2699 1671 2741 Florentinum
1707 2699 1808 2741 huic
1839 2701 1962 2742 classi
1979 2702 2264 2744 ‘adnumeran-

130 2794 136 2799 .
164 2750 266 2792 dum
306 2752 459 2792 cadere
493 2752 697 2806 videtur,
719 2753 1077 2794 commemorabo.
1133 2755 1197 2795 Ea
1224 2763 1294 2802 ,est
1329 2754 1610 2796 honestissimi
1645 2757 1895 2813 ceteroquin
1932 2757 2098 2799 scribae
2133 2758 2262 2800 modo

166 2815 333 2867 arrecta
362 2807 586 2861 industria,
612 2807 741 2850 modo
771 2809 1001 2851 dormitans
1031 2809 1208 2852 desidia:
1254 2811 1340 2851 Sed
1369 2811 1470 2851 dum
1496 2809 1603 2851 haec
1633 2809 1815 2867 disputo,
1842 2812 1952 2853 haud
1969 2826 2127 2868 paucos
2144 2813 2262 2857 viros
2285 2830 2287 2833 ·

1646 2887 1731 2942 (l)
