2398 3086
233 227 237 228 ⁷
471 222 496 238 S

110 250 438 302 commercium,
476 264 602 306 quam
645 262 763 290 mera
783 248 926 296 ..fama
983 249 1248 312 Quamquam
1282 253 1402 295 enim*
1424 254 1470 294 id
1504 254 1724 310 proprium
1758 254 2012 310 hyperboles
2049 262 2127 305 est,
2154 263 2205 295 ut

109 306 296 350 veritatis
323 306 503 346 modum
527 299 717 358 excedat,
746 314 891 346 tamen·
914 306 1165 361 plerumque
1191 307 1234 347 in
1265 321 1358 349 eam
1385 317 1565 364 partem,
1579 324 1675 365 ,qua
1702 323 1770 351 res
1801 318 2019 364 augeatur,
2043 323 2131 349 non
2159 308 2204 349 in

110 373 224 412 eam,
247 374 331 415 qua
358 360 635 410 deminuatur,
664 360 807 401 efferri
836 369 880 401 et
905 368 1196 416 extumescere
1222 363 1344 404 solet.
1402 364 1485 405 Sed
1514 378 1710 418 praesens
1751 365 1951 406 orationis
1981 364 2205 404 consilium

112 415 439 455 deminutionem
465 416 698 469 postulare,
724 416 805 455 iam
835 415 1032 469 diximus,
1060 425 1102 456 et
1131 418 1473 471 comparavimus
1504 421 1593 474 XI,
1620 421 1693 472 23,
1726 419 1800 459 ubi
1835 434 1923 460 non
1953 419 2090 459 minus
2131 418 2204 458 ab·

109 469 287 511 horrens
316 483 340 509 a
369 483 470 510 vero
501 478 587 520 est,
623 470 739 526 quod
779 470 909 509 Gallis
948 483 1195 511 concessum
1233 471 1407 527 fingitur
1441 475 1672 514 vocabulum
1709 474 1914 524 civitatis3
1956 474 2032 514 sed
2065 473 2202 513 minus

109 524 198 564 illic
226 538 302 566 nos
331 533 582 579 commovet,
613 526 709 581 quia
726 533 782 570 „et
800 526 1075 580 ‚exaggeratio
1108 534 1171 565 est
1195 527 1336 567 minor
1366 535 1410 567 et
1438 528 1575 568 oratio
1604 528 1847 583 simplicior.

255 592 258 593 ⁷
309 587 653 649 1am‚po's.tquam
674 587 970 647 ¹amici‘'iussis,
998 603 1203 649 quantum
1230 597 1370 651 potui,
1399 597 1626 638 obsecutus
1656 613 1771 649 sum,
1805 598 1885 638 alia
1920 597 2124 653 quaedam
2153 609 2203 637 ex

110 647 271 688 eisdem
296 644 429 699 libris,
458 662 566 703 quae
595 646 782 688 nondum
811 648 866 689 ah
884 649 1009 691 omni
1034 658 1157 704 parte
1184 665 1283 691 sana
1313 665 1406 693 esse
1435 652 1694 704 viderentur,
1719 666 1788 693 me
1816 652 1859 693 in
1893 653 2077 694 medium
2104 664 2204 707 pro-

35 744 46 749 χ
109 702 294 743 laturum
320 702 613 759 promiseram.

1007 760 1130 799 Ann.
1158 761 1237 814 XI,
1264 759 1304 801 4.

318 826 504 876 Rogatus
529 826 762 866 sententiam
792 825 940 880 Scipio,
969 840 1060 867 cum
1088 828 1203 879 idem,
1231 830 1368 882 inquit,
1396 831 1442 870 de
1457 831 1643 871 admissis
1656 830 1874 884 Poppaeae
1891 831 2074 881 sentiam,
2094 827 2203 882 quod
2250 878 2261 881 β

110 884 259 935 omnes,
279 890 417 934 putate
443 893 507 919 me
534 881 638 919 idem
663 881 786 920 dicere
813 882 920 934 quod
945 895 1096 926 omnes,
2161 894 2166 898 ’

309 945 453 986 Proba
471 947 579 986 haec
602 960 702 987 sane
723 947 799 987 sed
818 962 903 989 non
931 949 1134 1004 religiose
1163 950 1321 991 codicis
1348 951 1524 1006 vestigia
1558 951 1748 994 insecuta
1777 953 1914 994 oratio
1940 950 2121 993 videtur.
2163 950 2202 990 Is

97 1002 225 1050 'enim
252 1001 455 1055 praebet:
494 1003 542 1041 de
567 1004 751 1043 admissis
784 1003 995 1057 Poppaeae
1022 1018 1137 1045 assen
1165 1008 1383 1047 essentiam.
1436 1006 1551 1071 Quid
1590 1008 1720 1063 igitur
1747 1008 1944 1062 impedit,
1977 1004 2201 1062 quominus

7 1045 9 1047 .
63 1056 290 1111 :syllabas
318 1057 413 1096 illas
442 1056 633 1108 vitiosas,
667 1071 778 1112 quae
811 1072 898 1099 non
936 1073 1039 1100 sane
1073 1060 1379 1115 dittographias
1410 1075 1591 1115 speciem
1620 1078 1722 1116 prae
1757 1077 1800 1104 se
1836 1063 1997 1112 ferunt,
2036 1060 2202 1101 solvere

30 1117 43 1128 ‘
108 1126 236 1168 quam
272 1111 475 1152 inducere
510 1111 733 1152 malimus?
776 1113 903 1173 Quod
932 1114 990 1166 ita
1018 1113 1159 1157 facio:
1213 1116 1315 1156 Cum
1352 1118 1455 1157 idem
1498 1118 1544 1157 de
1583 1120 1766 1159 admissis
1803 1119 2019 1171 Poppaeae
2058 1116 2117 1155 ad
2152 1127 2202 1154 se

107 1169 257 1208 noxis
290 1169 469 1220 sentiam,
503 1168 611 1219 quod
635 1180 771 1207 omnes
796 1176 877 1208 etc.
933 1169 1121 1223 Accedit,
1148 1170 1261 1225 quod
1290 1186 1400 1211 noxa
1426 1172 1563 1212 mitius
1584 1173 1669 1213 dici
1690 1173 1810 1224 solet,
1825 1187 1952 1229 quam
1970 1172 2202 1221 admissum,

109 1221 256 1276 Scipio
285 1230 444 1273 autem,
471 1220 589 1276 quod
617 1223 784 1273 eleganti
811 1234 1113 1277 temperamento
1143 1227 1242 1266 inter
1267 1228 1516 1278 coniugalem
1542 1242 1721 1270 amorem
1749 1239 1786 1270 et
1800 1229 2052 1269 *senatoriam
2079 1236 2202 1265 neces-

108 1279 266 1318 sitatem
293 1285 530 1330 censuerat,
560 1276 837 1318 collaudatur.

693 1331 705 1338 ’
1002 1334 1125 1374 Ann.
1154 1335 1232 1387 xl,
1263 1335 1303 1378 7.

239 1446 243 1448 ,
308 1398 610 1442 Defenduntur
632 1399 861 1450 ‚causarum
890 1402 1129 1443 mercedes:
1172 1403 1304 1459 Quem
1332 1403 1443 1442 illum
1476 1412 1587 1443 tanta
1621 1404 1800 1456 superbia
1827 1416 1926 1455 esse,
1961 1413 2004 1443 ut
2039 1402 2202 1442 aeterni·

109 1463 232 1494 tatem
247 1454 391 1509 famae
418 1469 485 1507 spe
503 1457 763 1508 praesumat?
807 1457 911 1497 Usui
942 1468 979 1497 et
1005 1458 1118 1497 rebus
1144 1459 1365 1497 subsidium
1394 1460 1645 1510 praeparari,
1684 1472 1731 1498 ne
1757 1460 1844 1510 quis
1873 1460 2006 1511 inopia
2033 1458 2200 1497 advoca-

109 1519 243 1550 torum
260 1511 486 1562 potentibus
513 1511 710 1558 obnoxius
738 1513 802 1551 sit.
862 1513 1003 1564 Neque
1031 1522 1161 1552 tamen
1196 1514 1455 1565 eloquentiam
1485 1515 1662 1563 gratuito
1699 1515 1940 1564 contingere;
1975 1514 2106 1553 omitti
2138 1525 2199 1551 cu·

107 1577 175 1604 ras
189 1567 422 1619 familiaris,
450 1576 495 1605 ut
521 1568 608 1618 quis
635 1579 676 1606 se
703 1568 840 1606 alienis
868 1569 1038 1617 negotiis
1066 1569 1249 1625 intendat.
1292 1569 1448 1608 Multos
1463 1569 1616 1618 militia,
1638 1570 1833 1621 quosdam
1851 1569 2060 1609 exercendo
2078 1579 2199 1618 agros

47 1662 49 1665 ,
109 1619 272 1659 tolerare
302 1622 444 1666 vitam3
479 1621 575 1660 nihil
600 1635 626 1660 a
652 1635 854 1674 quoquam
881 1623 1021 1675 expeti,
1041 1624 1127 1662 nisi
1154 1625 1263 1662 cuius
1277 1623 1439 1677 sructus
1464 1633 1553 1663 ante
1571 1625 1800 1676 providerit.

151 1736 156 1740 ι
292 1687 525 1728 'Sententia
554 1688 675 1728 huius
702 1688 789 1729 loci
826 1703 911 1729 non
945 1698 1087 1743 potest
1123 1689 1305 1730 obscura
1344 1691 1486 1732 videri.
1528 1691 1827 1747 Eloquentiam
1862 1691 2079 1747 forensem
2112 1702 2199 1729 non

110 1742 164 1784 ad
192 1751 410 1783 oratorum
440 1742 610 1782 laudem
639 1742 813 1794 referri,
852 1744 944 1785 sed‘
966 1744 1019 1784 ad
1048 1745 1229 1786 aliorum
1256 1746 1490 1787 utilitatem.
1553 1749 1660 1787 Eam
1696 1761 1802 1789 vero
1839 1746 2017 1786 aliorum
2053 1758 2199 1786 curam

68 1828 74 1833 .
108 1806 195 1839 tam
222 1798 309 1837 late
338 1806 489 1851 patere
520 1806 563 1838 et
596 1806 683 1838 tam
722 1799 978 1854 negotiosam
1017 1813 1126 1854 esse,
1159 1809 1205 1841 ut
1237 1815 1331 1841 suas
1365 1815 1623 1857 suorumque
1663 1815 1731 1842 res
1774 1814 1995 1841 causarum
2028 1799 2199 1855 patroni

107 1866 215 1909 prae
239 1853 323 1892 illis
352 1855 547 1894 omittere
572 1861 796 1908 cogantur.
851 1856 1040 1909 Eamque
1074 1854 1129 1895 ob
1165 1869 1353 1910 causam,
1387 1857 1549 1903 etiamsi
1578 1871 1662 1897 non
1689 1865 1869 1911 propter
1892 1856 2080 1895 fructum
2109 1855 2199 1895 elo-

109 1908 279 1964 quentia
304 1914 543 1961 expetatur,
569 1922 654 1948 non
681 1917 817 1949 tamen
847 1909 1009 1950 dehere
1035 1923 1125 1951 esse
1158 1912 1248 1951 sine
1283 1910 1437 1952 fructu.
1496 1912 1578 1952 Sed
1612 1912 1710 1967 quid
1749 1913 1785 1952 si
1822 1911 1934 1956 haec
1951 1911 2096 1952 >totius
2131 1909 2198 1949 rei

73 2007 76 2008 ⁷
106 1963 388 2018 perspicuitas
417 1963 460 2002 in
490 1975 616 2003 causa
645 1963 795 2015 suerit,
837 1972 884 2004 ut
919 1978 1006 2005 non
1034 1965 1199 2020 singula
1235 1968 1373 2007 omnia
1413 1967 1637 2021 diligenter
1673 1965 2040 2022 expenderentur?
2088 1965 2198 2015 Nam

108 2027 190 2074 ego
220 2017 404 2072 quidem,
432 2018 534 2073 quid
562 2018 667 2058 illud
695 2019 760 2070 sit,
798 2019 902 2059 Usui
926 2030 963 2060 et
989 2022 1101 2061 rebus
1130 2023 1346 2062 subsidium
1365 2025 1614 2076 praeparari,
1650 2035 1715 2062 me
1750 2035 1836 2062 non
1869 2021 2107 2076 intelligere
2134 2018 2198 2077 fa-

72 2075 217 2139 steor.
273 2073 340 2112 An
370 2086 431 2120 res
457 2081 651 2127 tempora
680 2074 833 2114 dixeris
863 2088 955 2115 esse
984 2084 1029 2116 et
1054 2076 1244 2129 pericula
1274 2076 1459 2117 civium?
1496 2077 1582 2117 Sed
1611 2077 1705 2132 quis
1732 2078 1789 2118 ita
1817 2077 1988 2116 locutus
2013 2084 2090 2130 est,
2115 2074 2198 2115 nisi

82 2149 86 2152 ·
109 2127 280 2169 aliunde
309 2127 396 2167 eius
424 2128 545 2169 verbi
567 2129 685 2168 notio
709 2129 1110 2171 circumscribatur?
1138 2132 1264 2186 quale
1294 2136 1377 2186 est,
1397 2132 1527 2172 rebus
1557 2132 1728 2173 alicuius
1745 2130 1910 2172 afflictis
1931 2143 2198 2171 succurrere.

107 2181 165 2224 Et
193 2183 285 2237 quis
311 2196 378 2223 eas
406 2195 470 2223 res
498 2183 667 2223 utilitati
699 2184 757 2223 ita
786 2185 1032 2239 coniungat:
1070 2190 1159 2226 usui
1195 2197 1231 2226 et
1266 2188 1378 2226 rebus
1418 2189 1633 2227 subsidium
1669 2186 1928 2241 praeparare?
1972 2182 2087 2225 nu‘na
2132 2192 2198 2225 est

43 2254 58 2282 r.
108 2250 257 2278 earum
283 2239 499 2283 notionum
527 2246 641 2278 tanta
673 2238 784 2279 inter
812 2253 858 2280 se
888 2240 1134 2296 similitudo,
1168 2250 1214 2282 ut
1243 2241 1302 2281 sic
1339 2242 1609 2295 copulentur.'
1654 2242 1738 2285 Vix
1774 2243 1880 2282 haec
1909 2241 2055 2294 ferres,
2092 2241 2197 2281 Usui

78 2303 148 2334 ··et
169 2294 350 2346 periculis
378 2294 594 2333 subsidium
614 2308 796 2346 parares
815 2293 972 2339 nedum
1006 2297 1129 2336 rebus.
1184 2297 1317 2352 Igitur
1348 2296 1534 2353 'fortasse
1562 2298 1614 2338 ad
1649 2297 1698 2344 ἓν
1727 2295 1803 2338 διὰ
1832 2295 1955 2338 δυοῖν
1984 2294 2197 2350 confugie-

107 2346 231 2388 mus?
256 2347 343 2387 Sed
371 2347 463 2402 quis
491 2348 548 2388 ita
574 2349 858 2390 nancisceris?
882 2352 977 2390 Non
1004 2349 1142 2391 famae
1170 2351 1469 2406 oratotis,.sed
1497 2366 1637 2393 rerum
1664 2353 1758 2394 usui
1785 2352 1983 2407 prospici.
2034 2353 2195 2404 Nempe

107 2399 247 2443 famae
275 2402 336 2443 sic
365 2402 582 2456 oppositus
611 2418 708 2444 usus
734 2404 964 2457 pertinebit
993 2405 1046 2445 ad
1069 2414 1296 2447 oratorem.
1326 2407 1509 2447 oratoris
1534 2421 1640 2448 vero
1669 2422 1769 2448 usus
1797 2422 1881 2450 non
1909 2415 2000 2447 erat
2028 2419 2195 2446 sumen·

110 2457 207 2510 dus,
240 2458 316 2499 sed
353 2457 626 2499 conclusione
664 2458 950 2500 inveniendus.
1024 2462 1082 2501 Et
1116 2460 1274 2503 ferrem
1307 2462 1415 2502 hanc
1450 2462 1762 2519 ambiguitatem
1772 2478 1786 2515 3
1823 2477 1922 2505 nam
1964 2459 2196 2516 sequentia,

108 2515 243 2566 nequis
261 2514 485 2566 potentibus
511 2515 707 2554 obnoxius
732 2517 796 2568 sit,
823 2524 997 2570 possent
1025 2516 1165 2572 aliquo
1193 2516 1321 2558 modo
1350 2518 1587 2558 orationem
1617 2519 1669 2558 ab
1698 2526 1871 2559 oratore
1899 2517 1950 2557 ad
1981 2516 2097 2557 cives
2126 2514 2195 2554 de-

109 2568 264 2622 clinare
298 2567 456 2619 videri3
497 2568 533 2609 si
567 2569 694 2610 modo
738 2571 824 2609 tale
862 2569 1056 2625 verbum,
1095 2571 1218 2627 quale
1255 2580 1315 2613 est
1341 2576 1517 2626 prospici
1548 2573 1794 2628 legeremus.
1850 2572 1931 2614 Sed
1970 2570 2073 2648 quid
2108 2569 2194 2611 hoc

67 2635 70 2638 ·
110 2631 194 2679 est,
224 2637 355 2664 rerum
390 2625 479 2663 usui
503 2624 719 2665 subsidium
735 2625 990 2678 praeparari?
1022 2626 1134 2684 Quid
1157 2627 1346 2679 omnino,
1375 2630 1463 2668 usui
1481 2642 1718 2682 praeparare
1753 2629 1988 2669 subsidium.
2041 2626 2192 2666 Nonne

109 2690 163 2731 ap
194 2686 282 2719 aret
308 2678 420 2718 hunc
457 2678 642 2720 dativum
664 2688 763 2719 *non
799 2680 992 2734 proxime
1027 2681 1183 2721 referri
1211 2682 1265 2721 ad
1294 2682 1536 2737 subsidium,
1564 2684 1638 2723 sed
1668 2697 1761 2725 esse
1797 2685 1851 2724 ad
1879 2695 2008 2733 usum,
2028 2689 2192 2735 propter·

108 2734 168 2777 uti
181 2734 330 2782 itatem,
356 2734 579 2797 proprium
607 2742 745 2775 autem
770 2735 979 2787 dativum,
1004 2738 1067 2777 cui
1092 2736 1326 2778 subsidium
1352 2746 1647 2792 praeparetur,
1675 2738 1843 2780 deesse?
1886 2736 2055 2778 Deinde
2090 2746 2193 2776 vero

105 2801 247 2829 nonne
275 2787 417 2843 vides,
436 2789 658 2830 ‚eiusmodi
694 2789 880 2833 dativum
914 2792 1156 2835 necessario
1192 2789 1393 2848 flagitari,
1429 2807 1517 2848 quo
1554 2807 1640 2835 non
1672 2793 1865 2850 patroni,
1900 2791 1979 2834 sed
2011 2790 2191 2832 aliorum
2263 2836 2269 2838 a
