<?xml version="1.0" encoding="UTF-8"?>
<!DOCTYPE html PUBLIC "-//W3C//DTD XHTML 1.0 Transitional//EN"
    "http://www.w3.org/TR/xhtml1/DTD/xhtml1-transitional.dtd">
<html xmlns="http://www.w3.org/1999/xhtml" xml:lang="en" lang="en">
 <head>
  <title>
</title>
<meta http-equiv="Content-Type" content="text/html;charset=utf-8" />
  <meta name='ocr-system' content='tesseract 3.04.00' />
  <meta name='ocr-capabilities' content='ocr_page ocr_carea ocr_par ocr_line ocrx_word'/>
</head>
<body>
  <div class='ocr_page' id='page_1' title='image "./observationesadt00jacouoft_0027.png"; bbox 0 0 2398 3086; ppageno 0'>
   <div class='ocr_carea' id='block_1_1' title="bbox 986 125 1329 174">
    <p class='ocr_par' dir='ltr' id='par_1_1' title="bbox 986 125 1329 174">
     <span class='ocr_line' id='line_1_1' title="bbox 986 125 1329 174; baseline 0.009 -12"><span class='ocrx_word' id='word_1_1' title='bbox 986 125 1329 174; x_wconf 80' lang='lat'><strong>-21—</strong></span> 
     </span>
    </p>
   </div>
   <div class='ocr_carea' id='block_1_2' title="bbox 111 259 2203 374">
    <p class='ocr_par' dir='ltr' id='par_1_2' title="bbox 111 259 2203 374">
     <span class='ocr_line' id='line_1_2' title="bbox 113 259 2202 319; baseline 0.001 -17"><span class='ocrx_word' id='word_1_2' title='bbox 113 261 266 316; x_wconf 71' lang='lat' dir='ltr'><strong>iratus,</strong></span> <span class='ocrx_word' id='word_1_3' title='bbox 303 269 428 317; x_wconf 84' lang='lat' dir='ltr'><strong>atque</strong></span> <span class='ocrx_word' id='word_1_4' title='bbox 458 259 591 303; x_wconf 75' lang='lat' dir='ltr'><strong>ferox</strong></span> <span class='ocrx_word' id='word_1_5' title='bbox 630 261 741 302; x_wconf 77' lang='lat' dir='ltr'><strong>illud:</strong></span> <span class='ocrx_word' id='word_1_6' title='bbox 773 261 1000 314; x_wconf 83' lang='lat' dir='ltr'><strong>consilium-</strong></span> <span class='ocrx_word' id='word_1_7' title='bbox 1016 262 1344 304; x_wconf 18' lang='lat' dir='ltr'><strong>&#39;interficiendae</strong></span> <span class='ocrx_word' id='word_1_8' title='bbox 1385 272 1487 318; x_wconf 77' lang='lat' dir='ltr'><strong>post</strong></span> <span class='ocrx_word' id='word_1_9' title='bbox 1515 264 1727 319; x_wconf 77' lang='lat' dir='ltr'><strong>expletam</strong></span> <span class='ocrx_word' id='word_1_10' title='bbox 1763 263 1981 306; x_wconf 77' lang='lat' dir='ltr'><strong>libidinem</strong></span> <span class='ocrx_word' id='word_1_11' title='bbox 2008 261 2202 311; x_wconf 78' lang='lat' dir='ltr'><strong>mulieris</strong></span> 
     </span>
     <span class='ocr_line' id='line_1_3' title="bbox 111 317 2203 374; baseline 0 -16"><span class='ocrx_word' id='word_1_12' title='bbox 111 327 277 359; x_wconf 82' lang='lat' dir='ltr'><strong>certum·</strong></span> <span class='ocrx_word' id='word_1_13' title='bbox 303 325 354 357; x_wconf 87' lang='lat' dir='ltr'><strong>et·</strong></span> <span class='ocrx_word' id='word_1_14' title='bbox 374 319 617 374; x_wconf 76' lang='lat' dir='ltr'><strong>promptum</strong></span> <span class='ocrx_word' id='word_1_15' title='bbox 632 317 856 371; x_wconf 83' lang='lat' dir='ltr'><strong>attulerat,</strong></span> <span class='ocrx_word' id='word_1_16' title='bbox 878 330 936 358; x_wconf 39' lang='lat' dir='ltr'><strong>&gt;ne</strong></span> <span class='ocrx_word' id='word_1_17' title='bbox 966 317 1009 356; x_wconf 89' lang='lat' dir='ltr'><strong>in</strong></span> <span class='ocrx_word' id='word_1_18' title='bbox 1037 318 1420 371; x_wconf 41' lang='lat' dir='ltr'><strong>aliusspotestatem</strong></span> <span class='ocrx_word' id='word_1_19' title='bbox 1446 321 1625 361; x_wconf 82' lang='lat' dir='ltr'><strong>veniret.</strong></span> <span class='ocrx_word' id='word_1_20' title='bbox 1648 319 1706 359; x_wconf 80' lang='lat' dir='ltr'><strong>‚Id</strong></span> <span class='ocrx_word' id='word_1_21' title='bbox 1736 327 1893 363; x_wconf 81' lang='lat' dir='ltr'><strong>ettota</strong></span> <span class='ocrx_word' id='word_1_22' title='bbox 1919 319 2056 359; x_wconf 86' lang='lat' dir='ltr'><strong>oratio</strong></span> <span class='ocrx_word' id='word_1_23' title='bbox 2078 331 2203 371; x_wconf 86' lang='lat' dir='ltr'><strong>prae-</strong></span> 
     </span>
    </p>
   </div>
   <div class='ocr_carea' id='block_1_3' title="bbox 67 368 2203 428">
    <p class='ocr_par' dir='ltr' id='par_1_3' title="bbox 67 368 2203 428">
     <span class='ocr_line' id='line_1_4' title="bbox 67 368 2203 428; baseline -0.001 -14"><span class='ocrx_word' id='word_1_24' title='bbox 67 368 69 370; x_wconf 29' lang='lat'><em>*</em></span> <span class='ocrx_word' id='word_1_25' title='bbox 112 373 268 414; x_wconf 79' lang='lat' dir='ltr'><strong>cedens</strong></span> <span class='ocrx_word' id='word_1_26' title='bbox 296 373 441 425; x_wconf 80' lang='lat' dir='ltr'><strong>aperte</strong></span> <span class='ocrx_word' id='word_1_27' title='bbox 457 380 676 412; x_wconf 56' lang='lat' dir='ltr'><strong>{monstrat</strong></span> <span class='ocrx_word' id='word_1_28' title='bbox 703 381 746 413; x_wconf 88' lang='lat' dir='ltr'><strong>et</strong></span> <span class='ocrx_word' id='word_1_29' title='bbox 772 386 900 426; x_wconf 73' lang='lat' dir='ltr'><strong>supra</strong></span> <span class='ocrx_word' id='word_1_30' title='bbox 927 373 1119 426; x_wconf 81' lang='lat' dir='ltr'><strong>apposita</strong></span> <span class='ocrx_word' id='word_1_31' title='bbox 1143 372 1277 414; x_wconf 78' lang='lat' dir='ltr'><strong>verba</strong></span> <span class='ocrx_word' id='word_1_32' title='bbox 1303 374 1457 428; x_wconf 84' lang='lat' dir='ltr'><strong>prima:</strong></span> <span class='ocrx_word' id='word_1_33' title='bbox 1504 376 1586 415; x_wconf 77' lang='lat' dir='ltr'><strong>Ille&#39;</strong></span> <span class='ocrx_word' id='word_1_34' title='bbox 1608 389 1699 415; x_wconf 86' lang='lat' dir='ltr'><strong>uno</strong></span> <span class='ocrx_word' id='word_1_35' title='bbox 1728 389 1819 416; x_wconf 88' lang='lat' dir='ltr'><strong>cum</strong></span> <span class='ocrx_word' id='word_1_36' title='bbox 1852 375 1987 417; x_wconf 71' lang='lat' dir='ltr'><strong>liberto</strong></span> <span class='ocrx_word' id='word_1_37' title='bbox 2019 374 2203 427; x_wconf 81' lang='lat' dir='ltr'><strong>ferrum</strong></span> 
     </span>
    </p>
   </div>
   <div class='ocr_carea' id='block_1_4' title="bbox 106 425 2204 1088">
    <p class='ocr_par' dir='ltr' id='par_1_4' title="bbox 106 425 2204 1088">
     <span class='ocr_line' id='line_1_5' title="bbox 111 425 2203 483; baseline -0 -14"><span class='ocrx_word' id='word_1_38' title='bbox 111 428 209 469; x_wconf 70' lang='lat' dir='ltr'><strong>sub·</strong></span> <span class='ocrx_word' id='word_1_39' title='bbox 231 437 365 466; x_wconf 69' lang='lat' dir='ltr'><strong>veste</strong></span> <span class='ocrx_word' id='word_1_40' title='bbox 390 427 643 468; x_wconf 76' lang='lat' dir='ltr'><strong>occultum</strong></span> <span class='ocrx_word' id='word_1_41' title='bbox 671 427 801 481; x_wconf 74' lang='lat' dir='ltr'><strong>infert.</strong></span> <span class='ocrx_word' id='word_1_42' title='bbox 851 425 993 483; x_wconf 75' lang='lat' dir='ltr'><strong>Itaque</strong></span> <span class='ocrx_word' id='word_1_43' title='bbox 1021 427 1123 467; x_wconf 88' lang='lat' dir='ltr'><strong>nihil</strong></span> <span class='ocrx_word' id='word_1_44' title='bbox 1151 441 1264 482; x_wconf 84' lang='lat' dir='ltr'><strong>ages,</strong></span> <span class='ocrx_word' id='word_1_45' title='bbox 1284 429 1324 468; x_wconf 88' lang='lat' dir='ltr'><strong>&#39;si</strong></span> <span class='ocrx_word' id='word_1_46' title='bbox 1352 429 1460 468; x_wconf 90' lang='lat' dir='ltr'><strong>iram</strong></span> <span class='ocrx_word' id='word_1_47' title='bbox 1489 430 1543 471; x_wconf 88' lang='lat' dir='ltr'><strong>de</strong></span> <span class='ocrx_word' id='word_1_48' title='bbox 1573 430 1797 470; x_wconf 81' lang='lat' dir='ltr'><strong>amantium</strong></span> <span class='ocrx_word' id='word_1_49' title='bbox 1826 428 1988 471; x_wconf 75' lang='lat' dir='ltr'><strong>,invidia</strong></span> <span class='ocrx_word' id='word_1_50' title='bbox 2017 435 2062 475; x_wconf 81' lang='lat' dir='ltr'><strong>et</strong></span> <span class='ocrx_word' id='word_1_51' title='bbox 2087 428 2203 468; x_wconf 86' lang='lat' dir='ltr'><strong>zelo-</strong></span> 
     </span>
     <span class='ocr_line' id='line_1_6' title="bbox 111 482 2201 542; baseline 0 -20"><span class='ocrx_word' id='word_1_52' title='bbox 111 483 224 542; x_wconf 78' lang='lat' dir='ltr'><strong>typia</strong></span> <span class='ocrx_word' id='word_1_53' title='bbox 252 482 620 535; x_wconf 80' lang='lat' dir='ltr'><strong>interpretaberis,</strong></span> <span class='ocrx_word' id='word_1_54' title='bbox 655 496 781 538; x_wconf 87' lang='lat' dir='ltr'><strong>quam</strong></span> <span class='ocrx_word' id='word_1_55' title='bbox 813 495 912 522; x_wconf 89' lang='lat' dir='ltr'><strong>sane</strong></span> <span class='ocrx_word' id='word_1_56' title='bbox 947 482 1163 522; x_wconf 89' lang='lat' dir='ltr'><strong>notionem</strong></span> <span class='ocrx_word' id='word_1_57' title='bbox 1191 483 1254 522; x_wconf 87' lang='lat' dir='ltr'><strong>ira</strong></span> <span class='ocrx_word' id='word_1_58' title='bbox 1283 497 1329 524; x_wconf 92' lang='lat' dir='ltr'><strong>ea</strong></span> <span class='ocrx_word' id='word_1_59' title='bbox 1359 484 1401 524; x_wconf 88' lang='lat' dir='ltr'><strong>in</strong></span> <span class='ocrx_word' id='word_1_60' title='bbox 1431 498 1477 537; x_wconf 89' lang='lat' dir='ltr'><strong>re</strong></span> <span class='ocrx_word' id='word_1_61' title='bbox 1513 485 1731 539; x_wconf 85' lang='lat' dir='ltr'><strong>propriam</strong></span> <span class='ocrx_word' id='word_1_62' title='bbox 1768 484 1910 524; x_wconf 90' lang='lat' dir='ltr'><strong>habet.</strong></span> <span class='ocrx_word' id='word_1_63' title='bbox 1965 484 2074 523; x_wconf 88' lang='lat' dir='ltr'><strong>Nam</strong></span> <span class='ocrx_word' id='word_1_64' title='bbox 2115 495 2201 526; x_wconf 82' lang='lat' dir='ltr'><strong>non</strong></span> 
     </span>
     <span class='ocr_line' id='line_1_7' title="bbox 108 536 2204 593; baseline -0.001 -14"><span class='ocrx_word' id='word_1_65' title='bbox 108 546 200 579; x_wconf 89' lang='lat' dir='ltr'><strong>tum</strong></span> <span class='ocrx_word' id='word_1_66' title='bbox 228 544 293 577; x_wconf 90' lang='lat' dir='ltr'><strong>est</strong></span> <span class='ocrx_word' id='word_1_67' title='bbox 320 537 514 576; x_wconf 88' lang='lat' dir='ltr'><strong>incensus</strong></span> <span class='ocrx_word' id='word_1_68' title='bbox 543 536 620 577; x_wconf 88' lang='lat' dir='ltr'><strong>ira.</strong></span> <span class='ocrx_word' id='word_1_69' title='bbox 675 537 894 591; x_wconf 72' lang='lat' dir='ltr'><strong>Siquidem</strong></span> <span class='ocrx_word' id='word_1_70' title='bbox 923 538 1100 577; x_wconf 81' lang='lat' dir='ltr'><strong>incensus</strong></span> <span class='ocrx_word' id='word_1_71' title='bbox 1127 552 1341 592; x_wconf 88' lang='lat' dir='ltr'><strong>nunquam</strong></span> <span class='ocrx_word' id='word_1_72' title='bbox 1370 539 1584 592; x_wconf 87' lang='lat' dir='ltr'><strong>participii</strong></span> <span class='ocrx_word' id='word_1_73' title='bbox 1611 547 1805 580; x_wconf 88' lang='lat' dir='ltr'><strong>naturam</strong></span> <span class='ocrx_word' id='word_1_74' title='bbox 1825 539 2029 593; x_wconf 76' lang='lat' dir='ltr'><strong>deponit,</strong></span> <span class='ocrx_word' id='word_1_75' title='bbox 2048 551 2204 593; x_wconf 78' lang='lat' dir='ltr'><strong>neque</strong></span> 
     </span>
     <span class='ocr_line' id='line_1_8' title="bbox 109 591 2203 647; baseline 0 -14"><span class='ocrx_word' id='word_1_76' title='bbox 109 593 153 633; x_wconf 84' lang='lat' dir='ltr'><strong>in</strong></span> <span class='ocrx_word' id='word_1_77' title='bbox 181 591 386 632; x_wconf 74' lang='lat' dir='ltr'><strong>adiectiviv</strong></span> <span class='ocrx_word' id='word_1_78' title='bbox 405 591 592 632; x_wconf 89' lang='lat' dir='ltr'><strong>indolem</strong></span> <span class='ocrx_word' id='word_1_79' title='bbox 620 592 824 633; x_wconf 84' lang='lat' dir='ltr'><strong>transiens</strong></span> <span class='ocrx_word' id='word_1_80' title='bbox 850 601 1097 647; x_wconf 84' lang='lat' dir='ltr'><strong>perpetuum</strong></span> <span class='ocrx_word' id='word_1_81' title='bbox 1127 593 1253 631; x_wconf 88' lang='lat' dir='ltr'><strong>animi</strong></span> <span class='ocrx_word' id='word_1_82' title='bbox 1282 593 1483 634; x_wconf 87' lang='lat' dir='ltr'><strong>affectum</strong></span> <span class='ocrx_word' id='word_1_83' title='bbox 1511 594 1723 645; x_wconf 84' lang='lat' dir='ltr'><strong>describit,</strong></span> <span class='ocrx_word' id='word_1_84' title='bbox 1747 594 1824 635; x_wconf 92' lang='lat' dir='ltr'><strong>sed</strong></span> <span class='ocrx_word' id='word_1_85' title='bbox 1853 607 1946 636; x_wconf 87' lang='lat' dir='ltr'><strong>eum</strong></span> <span class='ocrx_word' id='word_1_86' title='bbox 1972 600 2104 647; x_wconf 76' lang='lat' dir='ltr'><strong>notat,</strong></span> <span class='ocrx_word' id='word_1_87' title='bbox 2132 591 2203 647; x_wconf 84' lang='lat' dir='ltr'><strong>qui</strong></span> 
     </span>
     <span class='ocr_line' id='line_1_9' title="bbox 109 644 2202 702; baseline -0.001 -14"><span class='ocrx_word' id='word_1_88' title='bbox 109 661 223 688; x_wconf 74' lang='lat' dir='ltr'><strong>nunc</strong></span> <span class='ocrx_word' id='word_1_89' title='bbox 251 644 489 686; x_wconf 77' lang='lat' dir='ltr'><strong>incenditur</strong></span> <span class='ocrx_word' id='word_1_90' title='bbox 515 647 584 687; x_wconf 85' lang='lat' dir='ltr'><strong>vel</strong></span> <span class='ocrx_word' id='word_1_91' title='bbox 613 647 815 686; x_wconf 82' lang='lat' dir='ltr'><strong>incensus.</strong></span> <span class='ocrx_word' id='word_1_92' title='bbox 836 655 912 687; x_wconf 74' lang='lat' dir='ltr'><strong>est,</strong></span> <span class='ocrx_word' id='word_1_93' title='bbox 954 649 1113 702; x_wconf 24' lang='lat' dir='ltr'><strong>*Itaque</strong></span> <span class='ocrx_word' id='word_1_94' title='bbox 1143 648 1260 687; x_wconf 90' lang='lat' dir='ltr'><strong>omni</strong></span> <span class='ocrx_word' id='word_1_95' title='bbox 1287 648 1419 687; x_wconf 90' lang='lat' dir='ltr'><strong>modo</strong></span> <span class='ocrx_word' id='word_1_96' title='bbox 1450 649 1493 688; x_wconf 89' lang='lat' dir='ltr'><strong>id</strong></span> <span class='ocrx_word' id='word_1_97' title='bbox 1522 649 1705 690; x_wconf 88' lang='lat' dir='ltr'><strong>verbum</strong></span> <span class='ocrx_word' id='word_1_98' title='bbox 1731 648 1886 700; x_wconf 81' lang='lat' dir='ltr'><strong>falsum</strong></span> <span class='ocrx_word' id='word_1_99' title='bbox 1916 656 2000 702; x_wconf 90' lang='lat' dir='ltr'><strong>est,</strong></span> <span class='ocrx_word' id='word_1_100' title='bbox 2037 646 2202 697; x_wconf 23' lang='lat' dir='ltr'><strong>acltale</strong></span> 
     </span>
     <span class='ocr_line' id='line_1_10' title="bbox 108 701 2202 759; baseline 0 -17"><span class='ocrx_word' id='word_1_101' title='bbox 108 701 423 749; x_wconf 68' lang='lat' dir='ltr'><strong>inveniendum,</strong></span> <span class='ocrx_word' id='word_1_102' title='bbox 447 706 532 755; x_wconf 86' lang='lat' dir='ltr'><strong>quo</strong></span> <span class='ocrx_word' id='word_1_103' title='bbox 553 701 751 742; x_wconf 77' lang='lat' dir='ltr'><strong>immanis</strong></span> <span class='ocrx_word' id='word_1_104' title='bbox 783 701 861 755; x_wconf 82' lang='lat' dir='ltr'><strong>iste</strong></span> <span class='ocrx_word' id='word_1_105' title='bbox 885 701 1019 754; x_wconf 83' lang='lat' dir='ltr'><strong>furor,</strong></span> <span class='ocrx_word' id='word_1_106' title='bbox 1047 715 1131 756; x_wconf 84' lang='lat' dir='ltr'><strong>qno</strong></span> <span class='ocrx_word' id='word_1_107' title='bbox 1155 702 1226 742; x_wconf 89' lang='lat' dir='ltr'><strong>ille</strong></span> <span class='ocrx_word' id='word_1_108' title='bbox 1253 703 1494 757; x_wconf 89' lang='lat' dir='ltr'><strong>mulierem,</strong></span> <span class='ocrx_word' id='word_1_109' title='bbox 1521 713 1749 759; x_wconf 80' lang='lat' dir='ltr'><strong>postquam</strong></span> <span class='ocrx_word' id='word_1_110' title='bbox 1779 717 1823 745; x_wconf 92' lang='lat' dir='ltr'><strong>se</strong></span> <span class='ocrx_word' id='word_1_111' title='bbox 1850 712 1986 743; x_wconf 89' lang='lat' dir='ltr'><strong>totam</strong></span> <span class='ocrx_word' id='word_1_112' title='bbox 2015 703 2102 743; x_wconf 90' lang='lat' dir='ltr'><strong>eius</strong></span> <span class='ocrx_word' id='word_1_113' title='bbox 2126 714 2202 743; x_wconf 82' lang='lat' dir='ltr'><strong>vo·</strong></span> 
     </span>
     <span class='ocr_line' id='line_1_11' title="bbox 107 756 2202 811; baseline 0.001 -15"><span class='ocrx_word' id='word_1_114' title='bbox 107 757 258 797; x_wconf 84' lang='lat' dir='ltr'><strong>luntati</strong></span> <span class='ocrx_word' id='word_1_115' title='bbox 283 756 530 805; x_wconf 77' lang='lat' dir='ltr'><strong>tradiderat,</strong></span> <span class='ocrx_word' id='word_1_116' title='bbox 559 756 764 797; x_wconf 71' lang='lat' dir='ltr'><strong>dissoluto</strong></span> <span class='ocrx_word' id='word_1_117' title='bbox 785 764 968 810; x_wconf 67' lang='lat' dir='ltr'><strong>pectore</strong></span> <span class='ocrx_word' id='word_1_118' title='bbox 994 756 1098 796; x_wconf 85' lang='lat' dir='ltr'><strong>nihil</strong></span> <span class='ocrx_word' id='word_1_119' title='bbox 1129 764 1391 797; x_wconf 87' lang='lat' dir='ltr'><strong>metuentem</strong></span> <span class='ocrx_word' id='word_1_120' title='bbox 1419 758 1757 809; x_wconf 83' lang='lat' dir='ltr'><strong>transverberat,</strong></span> <span class='ocrx_word' id='word_1_121' title='bbox 1787 757 1997 799; x_wconf 85' lang='lat' dir='ltr'><strong>mollitiae</strong></span> <span class='ocrx_word' id='word_1_122' title='bbox 2030 768 2202 811; x_wconf 72' lang='lat' dir='ltr'><strong>praece-</strong></span> 
     </span>
     <span class='ocr_line' id='line_1_12' title="bbox 108 810 2202 864; baseline 0 -12"><span class='ocrx_word' id='word_1_123' title='bbox 108 811 227 852; x_wconf 84' lang='lat' dir='ltr'><strong>denti</strong></span> <span class='ocrx_word' id='word_1_124' title='bbox 252 810 424 851; x_wconf 83' lang='lat' dir='ltr'><strong>fortiter</strong></span> <span class='ocrx_word' id='word_1_125' title='bbox 452 819 754 864; x_wconf 88' lang='lat' dir='ltr'><strong>opponeretur.</strong></span> <span class='ocrx_word' id='word_1_126' title='bbox 785 811 858 851; x_wconf 47' lang='grc' dir='ltr'><strong>ιἸἀ-</strong></span> <span class='ocrx_word' id='word_1_127' title='bbox 883 820 1027 852; x_wconf 87' lang='lat' dir='ltr'><strong>autem</strong></span> <span class='ocrx_word' id='word_1_128' title='bbox 1055 811 1234 852; x_wconf 85' lang='lat' dir='ltr'><strong>verbum</strong></span> <span class='ocrx_word' id='word_1_129' title='bbox 1263 812 1346 851; x_wconf 87' lang='lat' dir='ltr'><strong>iam</strong></span> <span class='ocrx_word' id='word_1_130' title='bbox 1373 815 1545 854; x_wconf 88' lang='lat' dir='ltr'><strong>Ernesti</strong></span> <span class='ocrx_word' id='word_1_131' title='bbox 1574 826 1750 854; x_wconf 80' lang='lat' dir='ltr'><strong>acumen</strong></span> <span class='ocrx_word' id='word_1_132' title='bbox 1780 813 1955 854; x_wconf 80' lang='lat' dir='ltr'><strong>invenit.</strong></span> <span class='ocrx_word' id='word_1_133' title='bbox 2001 811 2202 853; x_wconf 79' lang='lat' dir='ltr'><strong>&#39;Scriben-</strong></span> 
     </span>
     <span class='ocr_line' id='line_1_13' title="bbox 108 865 2202 923; baseline 0 -17"><span class='ocrx_word' id='word_1_134' title='bbox 108 867 210 907; x_wconf 90' lang='lat' dir='ltr'><strong>dum</strong></span> <span class='ocrx_word' id='word_1_135' title='bbox 239 875 303 907; x_wconf 89' lang='lat' dir='ltr'><strong>est</strong></span> <span class='ocrx_word' id='word_1_136' title='bbox 331 866 443 905; x_wconf 89' lang='lat' dir='ltr'><strong>enim&#39;</strong></span> <span class='ocrx_word' id='word_1_137' title='bbox 470 865 582 905; x_wconf 89' lang='lat' dir='ltr'><strong>haud</strong></span> <span class='ocrx_word' id='word_1_138' title='bbox 611 865 760 906; x_wconf 88' lang='lat' dir='ltr'><strong>dubie:</strong></span> <span class='ocrx_word' id='word_1_139' title='bbox 797 867 989 919; x_wconf 78' lang='lat' dir='ltr'><strong>Ex&#39;qua</strong></span> <span class='ocrx_word' id='word_1_140' title='bbox 1018 868 1159 907; x_wconf 79' lang='lat' dir='ltr'><strong>statim</strong></span> <span class='ocrx_word' id='word_1_141' title='bbox 1182 867 1356 920; x_wconf 75' lang='lat' dir='ltr'><strong>infensus</strong></span> <span class='ocrx_word' id='word_1_142' title='bbox 1383 869 1482 907; x_wconf 73' lang='lat' dir='ltr'><strong>nihil,</strong></span> <span class='ocrx_word' id='word_1_143' title='bbox 1505 879 1737 909; x_wconf 81' lang='lat' dir='ltr'><strong>metuentem</strong></span> <span class='ocrx_word' id='word_1_144' title='bbox 1755 869 1871 923; x_wconf 82' lang='lat' dir='ltr'><strong>ferro</strong></span> <span class='ocrx_word' id='word_1_145' title='bbox 1911 868 2202 909; x_wconf 77' lang='lat' dir='ltr'><strong>transverberat.</strong></span> 
     </span>
     <span class='ocr_line' id='line_1_14' title="bbox 106 920 2202 977; baseline 0 -15"><span class='ocrx_word' id='word_1_146' title='bbox 106 920 242 963; x_wconf 80' lang='lat' dir='ltr'><strong>Recte</strong></span> <span class='ocrx_word' id='word_1_147' title='bbox 270 923 380 960; x_wconf 87' lang='lat' dir='ltr'><strong>enim</strong></span> <span class='ocrx_word' id='word_1_148' title='bbox 410 934 461 960; x_wconf 83' lang='lat' dir='ltr'><strong>ex</strong></span> <span class='ocrx_word' id='word_1_149' title='bbox 489 931 668 973; x_wconf 81' lang='lat' dir='ltr'><strong>qua-..est</strong></span> <span class='ocrx_word' id='word_1_150' title='bbox 695 921 806 961; x_wconf 88' lang='lat' dir='ltr'><strong>enim</strong></span> <span class='ocrx_word' id='word_1_151' title='bbox 836 922 1037 962; x_wconf 88' lang='lat' dir='ltr'><strong>continuo</strong></span> <span class='ocrx_word' id='word_1_152' title='bbox 1075 934 1126 961; x_wconf 88' lang='lat' dir='ltr'><strong>ea</strong></span> <span class='ocrx_word' id='word_1_153' title='bbox 1164 922 1271 962; x_wconf 88' lang='lat' dir='ltr'><strong>actio</strong></span> <span class='ocrx_word' id='word_1_154' title='bbox 1307 922 1432 962; x_wconf 81' lang='lat' dir='ltr'><strong>ferox</strong></span> <span class='ocrx_word' id='word_1_155' title='bbox 1469 923 1662 963; x_wconf 87' lang='lat' dir='ltr'><strong>addenda</strong></span> <span class='ocrx_word' id='word_1_156' title='bbox 1690 923 1866 963; x_wconf 82' lang='lat' dir='ltr'><strong>libidini.</strong></span> <span class='ocrx_word' id='word_1_157' title='bbox 1930 925 1988 963; x_wconf 92' lang='lat' dir='ltr'><strong>Et</strong></span> <span class='ocrx_word' id='word_1_158' title='bbox 2021 929 2202 977; x_wconf 80' lang='lat' dir='ltr'><strong>propter</strong></span> 
     </span>
     <span class='ocr_line' id='line_1_15' title="bbox 108 976 2202 1033; baseline -0 -16"><span class='ocrx_word' id='word_1_159' title='bbox 108 976 483 1017; x_wconf 83' lang='lat' dir='ltr'><strong>eandem.causam</strong></span> <span class='ocrx_word' id='word_1_160' title='bbox 511 976 684 1031; x_wconf 84' lang='lat' dir='ltr'><strong>vestigia</strong></span> <span class='ocrx_word' id='word_1_161' title='bbox 723 976 883 1016; x_wconf 83' lang='lat' dir='ltr'><strong>codicis</strong></span> <span class='ocrx_word' id='word_1_162' title='bbox 916 978 1055 1016; x_wconf 81' lang='lat' dir='ltr'><strong>statim</strong></span> <span class='ocrx_word' id='word_1_163' title='bbox 1087 976 1347 1017; x_wconf 83' lang='lat' dir='ltr'><strong>&#39;ostendentis</strong></span> <span class='ocrx_word' id='word_1_164' title='bbox 1386 991 1471 1017; x_wconf 92' lang='lat' dir='ltr'><strong>non</strong></span> <span class='ocrx_word' id='word_1_165' title='bbox 1509 992 1677 1033; x_wconf 85' lang='lat' dir='ltr'><strong>sperno.</strong></span> <span class='ocrx_word' id='word_1_166' title='bbox 1732 979 1838 1018; x_wconf 88' lang='lat' dir='ltr'><strong>Nam</strong></span> <span class='ocrx_word' id='word_1_167' title='bbox 1877 992 1974 1018; x_wconf 91' lang='lat' dir='ltr'><strong>cum</strong></span> <span class='ocrx_word' id='word_1_168' title='bbox 2010 977 2062 1017; x_wconf 92' lang='lat' dir='ltr'><strong>ad</strong></span> <span class='ocrx_word' id='word_1_169' title='bbox 2091 978 2202 1017; x_wconf 89' lang='lat' dir='ltr'><strong>hanc</strong></span> 
     </span>
     <span class='ocr_line' id='line_1_16' title="bbox 107 1030 2202 1088; baseline 0 -17"><span class='ocrx_word' id='word_1_170' title='bbox 107 1030 373 1072; x_wconf 78' lang='lat' dir='ltr'><strong>ferocitatem</strong></span> <span class='ocrx_word' id='word_1_171' title='bbox 403 1031 740 1084; x_wconf 82' lang='lat' dir='ltr'><strong>praeparandam</strong></span> <span class='ocrx_word' id='word_1_172' title='bbox 773 1032 906 1071; x_wconf 88' lang='lat' dir='ltr'><strong>omnis</strong></span> <span class='ocrx_word' id='word_1_173' title='bbox 932 1031 1197 1087; x_wconf 69' lang='lat' dir='ltr'><strong>praecedens</strong></span> <span class='ocrx_word' id='word_1_174' title='bbox 1226 1031 1364 1071; x_wconf 90' lang='lat' dir='ltr'><strong>oratio</strong></span> <span class='ocrx_word' id='word_1_175' title='bbox 1396 1034 1631 1086; x_wconf 87' lang='lat' dir='ltr'><strong>composita</strong></span> <span class='ocrx_word' id='word_1_176' title='bbox 1661 1033 1733 1085; x_wconf 71' lang='lat' dir='ltr'><strong>sit,</strong></span> <span class='ocrx_word' id='word_1_177' title='bbox 1748 1047 1905 1088; x_wconf 84' lang='lat' dir='ltr'><strong>magno</strong></span> <span class='ocrx_word' id='word_1_178' title='bbox 1930 1032 2074 1088; x_wconf 87' lang='lat' dir='ltr'><strong>aliquo</strong></span> <span class='ocrx_word' id='word_1_179' title='bbox 2095 1045 2202 1087; x_wconf 92' lang='lat' dir='ltr'><strong>pon-</strong></span> 
     </span>
    </p>
   </div>
   <div class='ocr_carea' id='block_1_5' title="bbox 77 1083 2201 1199">
    <p class='ocr_par' dir='ltr' id='par_1_5' title="bbox 43 1083 2201 1199">
     <span class='ocr_line' id='line_1_17' title="bbox 107 1083 2201 1144; baseline 0 -17"><span class='ocrx_word' id='word_1_180' title='bbox 107 1085 213 1127; x_wconf 85' lang='lat' dir='ltr'><strong>dere</strong></span> <span class='ocrx_word' id='word_1_181' title='bbox 243 1085 340 1139; x_wconf 86' lang='lat' dir='ltr'><strong>ipsa-</strong></span> <span class='ocrx_word' id='word_1_182' title='bbox 366 1085 559 1139; x_wconf 84' lang='lat' dir='ltr'><strong>augenda</strong></span> <span class='ocrx_word' id='word_1_183' title='bbox 589 1083 666 1127; x_wconf 76' lang='lat' dir='ltr'><strong>est.</strong></span> <span class='ocrx_word' id='word_1_184' title='bbox 693 1087 888 1141; x_wconf 82' lang='lat' dir='ltr'><strong>infensum</strong></span> <span class='ocrx_word' id='word_1_185' title='bbox 917 1094 1073 1140; x_wconf 87' lang='lat' dir='ltr'><strong>autem,</strong></span> <span class='ocrx_word' id='word_1_186' title='bbox 1102 1086 1217 1142; x_wconf 88' lang='lat' dir='ltr'><strong>quod</strong></span> <span class='ocrx_word' id='word_1_187' title='bbox 1245 1087 1435 1127; x_wconf 81' lang='lat' dir='ltr'><strong>animum</strong></span> <span class='ocrx_word' id='word_1_188' title='bbox 1462 1087 1659 1130; x_wconf 84' lang='lat' dir='ltr'><strong>hostilem</strong></span> <span class='ocrx_word' id='word_1_189' title='bbox 1687 1087 1974 1144; x_wconf 86' lang='lat' dir='ltr'><strong>hostilemque</strong></span> <span class='ocrx_word' id='word_1_190' title='bbox 1989 1087 2201 1133; x_wconf 77' lang='lat' dir='ltr'><strong>actionem</strong></span> 
     </span>
     <span class='ocr_line' id='line_1_18' title="bbox 77 1140 2201 1199; baseline -0 -17"><span class='ocrx_word' id='word_1_191' title='bbox 77 1143 80 1145; x_wconf 70' lang='grc'><strong>’</strong></span> <span class='ocrx_word' id='word_1_192' title='bbox 110 1141 336 1196; x_wconf 78' lang='lat' dir='ltr'><strong>coniungit,</strong></span> <span class='ocrx_word' id='word_1_193' title='bbox 363 1140 477 1199; x_wconf 81' lang='lat' dir='ltr'><strong>vide,</strong></span> <span class='ocrx_word' id='word_1_194' title='bbox 500 1149 654 1195; x_wconf 86' lang='lat' dir='ltr'><strong>quanto</strong></span> <span class='ocrx_word' id='word_1_195' title='bbox 684 1155 783 1181; x_wconf 87' lang='lat' dir='ltr'><strong>cum</strong></span> <span class='ocrx_word' id='word_1_196' title='bbox 812 1148 984 1181; x_wconf 83' lang='lat' dir='ltr'><strong>terrore</strong></span> <span class='ocrx_word' id='word_1_197' title='bbox 1011 1141 1149 1181; x_wconf 90' lang='lat' dir='ltr'><strong>amori</strong></span> <span class='ocrx_word' id='word_1_198' title='bbox 1186 1154 1331 1182; x_wconf 85' lang='lat' dir='ltr'><strong>necem</strong></span> <span class='ocrx_word' id='word_1_199' title='bbox 1374 1143 1558 1196; x_wconf 89' lang='lat' dir='ltr'><strong>copulet.</strong></span> <span class='ocrx_word' id='word_1_200' title='bbox 1614 1144 1762 1199; x_wconf 87' lang='lat' dir='ltr'><strong>Neque</strong></span> <span class='ocrx_word' id='word_1_201' title='bbox 1795 1142 2036 1194; x_wconf 90' lang='lat' dir='ltr'><strong>alliteratio,</strong></span> <span class='ocrx_word' id='word_1_202' title='bbox 2064 1142 2201 1197; x_wconf 85' lang='lat' dir='ltr'><strong>insen-</strong></span> 
     </span>
    </p>
   </div>
   <div class='ocr_carea' id='block_1_6' title="bbox 105 1196 2200 1347">
    <p class='ocr_par' dir='ltr' id='par_1_6' title="bbox 105 1196 2200 1347">
     <span class='ocr_line' id='line_1_19' title="bbox 106 1196 2199 1252; baseline 0 -17"><span class='ocrx_word' id='word_1_203' title='bbox 106 1209 175 1235; x_wconf 88' lang='lat' dir='ltr'><strong>sus</strong></span> <span class='ocrx_word' id='word_1_204' title='bbox 188 1197 317 1250; x_wconf 76' lang='lat' dir='ltr'><strong>ferro</strong></span> <span class='ocrx_word' id='word_1_205' title='bbox 347 1196 677 1246; x_wconf 78' lang='lat' dir='ltr'><strong>transverberat,</strong></span> <span class='ocrx_word' id='word_1_206' title='bbox 715 1209 816 1237; x_wconf 87' lang='lat' dir='ltr'><strong>casu</strong></span> <span class='ocrx_word' id='word_1_207' title='bbox 852 1203 963 1236; x_wconf 89' lang='lat' dir='ltr'><strong>nata·</strong></span> <span class='ocrx_word' id='word_1_208' title='bbox 987 1196 1063 1237; x_wconf 89' lang='lat' dir='ltr'><strong>sed</strong></span> <span class='ocrx_word' id='word_1_209' title='bbox 1103 1196 1296 1236; x_wconf 90' lang='lat' dir='ltr'><strong>consulto</strong></span> <span class='ocrx_word' id='word_1_210' title='bbox 1332 1197 1521 1251; x_wconf 84' lang='lat' dir='ltr'><strong>quaesita</strong></span> <span class='ocrx_word' id='word_1_211' title='bbox 1548 1196 1686 1239; x_wconf 81' lang='lat' dir='ltr'><strong>fuerit.</strong></span> <span class='ocrx_word' id='word_1_212' title='bbox 1742 1199 1830 1238; x_wconf 89' lang='lat' dir='ltr'><strong>Nos</strong></span> <span class='ocrx_word' id='word_1_213' title='bbox 1858 1197 2037 1242; x_wconf 83' lang='lat' dir='ltr'><strong>fortasse</strong></span> <span class='ocrx_word' id='word_1_214' title='bbox 2064 1196 2199 1252; x_wconf 82' lang='lat' dir='ltr'><strong>magis</strong></span> 
     </span>
     <span class='ocr_line' id='line_1_20' title="bbox 106 1250 2200 1346; baseline 0.001 -56"><span class='ocrx_word' id='word_1_215' title='bbox 106 1251 234 1313; x_wconf 84' lang='lat' dir='ltr'><strong>etiam</strong></span> <span class='ocrx_word' id='word_1_216' title='bbox 262 1251 347 1291; x_wconf 82' lang='lat' dir='ltr'><strong>vim</strong></span> <span class='ocrx_word' id='word_1_217' title='bbox 379 1250 580 1346; x_wconf 71' lang='lat' dir='ltr'><strong>oratiboni&#39;s</strong></span> <span class='ocrx_word' id='word_1_218' title='bbox 608 1251 854 1302; x_wconf 78' lang='lat' dir='ltr'><strong>sentiamus,</strong></span> <span class='ocrx_word' id='word_1_219' title='bbox 901 1251 937 1291; x_wconf 90' lang='lat' dir='ltr'><strong>si</strong></span> <span class='ocrx_word' id='word_1_220' title='bbox 972 1252 1178 1306; x_wconf 87' lang='lat' dir='ltr'><strong>scriptum</strong></span> <span class='ocrx_word' id='word_1_221' title='bbox 1215 1251 1288 1301; x_wconf 89' lang='lat' dir='ltr'><strong>sit,</strong></span> <span class='ocrx_word' id='word_1_222' title='bbox 1324 1265 1378 1292; x_wconf 83' lang='lat' dir='ltr'><strong>ex·</strong></span> <span class='ocrx_word' id='word_1_223' title='bbox 1411 1266 1490 1305; x_wconf 84' lang='lat' dir='ltr'><strong>qua</strong></span> <span class='ocrx_word' id='word_1_224' title='bbox 1526 1255 1663 1294; x_wconf 79' lang='lat' dir='ltr'><strong>statim</strong></span> <span class='ocrx_word' id='word_1_225' title='bbox 1697 1254 1840 1309; x_wconf 85' lang='lat' dir='ltr'><strong>infesto</strong></span> <span class='ocrx_word' id='word_1_226' title='bbox 1857 1255 1973 1309; x_wconf 84' lang='lat' dir='ltr'><strong>ferro</strong></span> <span class='ocrx_word' id='word_1_227' title='bbox 2002 1253 2099 1294; x_wconf 81' lang='lat' dir='ltr'><strong>nihil</strong></span> <span class='ocrx_word' id='word_1_228' title='bbox 2124 1265 2200 1301; x_wconf 83' lang='lat' dir='ltr'><strong>me-</strong></span> 
     </span>
     <span class='ocr_line' id='line_1_21' title="bbox 105 1316 596 1347; baseline 0 -2"><span class='ocrx_word' id='word_1_229' title='bbox 105 1316 276 1346; x_wconf 80' lang='lat' dir='ltr'><strong>tuentem</strong></span> <span class='ocrx_word' id='word_1_230' title='bbox 304 1316 477 1347; x_wconf 80' lang='lat' dir='ltr'><strong>transver</strong></span> <span class='ocrx_word' id='word_1_231' title='bbox 503 1316 596 1346; x_wconf 84' lang='lat' dir='ltr'><strong>erat.</strong></span> 
     </span>
    </p>
   </div>
   <div class='ocr_carea' id='block_1_7' title="bbox 958 1382 1333 1441">
    <p class='ocr_par' dir='ltr' id='par_1_7' title="bbox 958 1382 1333 1441">
     <span class='ocr_line' id='line_1_22' title="bbox 958 1382 1333 1441; baseline 0.008 -18"><span class='ocrx_word' id='word_1_232' title='bbox 958 1385 1085 1441; x_wconf 52' lang='lat' dir='ltr'><strong>Ann,</strong></span> <span class='ocrx_word' id='word_1_233' title='bbox 1117 1382 1233 1438; x_wconf 82' lang='lat' dir='ltr'><strong>xm,</strong></span> <span class='ocrx_word' id='word_1_234' title='bbox 1262 1383 1333 1426; x_wconf 89' lang='lat'><strong>55.</strong></span> 
     </span>
    </p>
   </div>
   <div class='ocr_carea' id='block_1_8' title="bbox 102 1448 2199 1672">
    <p class='ocr_par' dir='ltr' id='par_1_8' title="bbox 102 1448 2199 1672">
     <span class='ocr_line' id='line_1_23' title="bbox 115 1448 2198 1507; baseline 0.001 -18"><span class='ocrx_word' id='word_1_235' title='bbox 115 1496 117 1498; x_wconf 34' lang='grc'>,</span> <span class='ocrx_word' id='word_1_236' title='bbox 306 1449 532 1490; x_wconf 89' lang='lat' dir='ltr'><strong>Boiocalus</strong></span> <span class='ocrx_word' id='word_1_237' title='bbox 561 1448 648 1489; x_wconf 86' lang='lat' dir='ltr'><strong>dux</strong></span> <span class='ocrx_word' id='word_1_238' title='bbox 676 1450 1045 1504; x_wconf 82' lang='lat' dir='ltr'><strong>Ampsivariorum</strong></span> <span class='ocrx_word' id='word_1_239' title='bbox 1073 1466 1199 1507; x_wconf 85' lang='lat' dir='ltr'><strong>agros</strong></span> <span class='ocrx_word' id='word_1_240' title='bbox 1231 1467 1255 1492; x_wconf 85' lang='lat' dir='ltr'><strong>a</strong></span> <span class='ocrx_word' id='word_1_241' title='bbox 1284 1452 1370 1493; x_wconf 86' lang='lat' dir='ltr'><strong>suis</strong></span> <span class='ocrx_word' id='word_1_242' title='bbox 1400 1461 1631 1507; x_wconf 85' lang='lat' dir='ltr'><strong>occupatos</strong></span> <span class='ocrx_word' id='word_1_243' title='bbox 1660 1462 1706 1494; x_wconf 86' lang='lat' dir='ltr'><strong>ut</strong></span> <span class='ocrx_word' id='word_1_244' title='bbox 1739 1463 1879 1496; x_wconf 88' lang='lat' dir='ltr'><strong>tenere</strong></span> <span class='ocrx_word' id='word_1_245' title='bbox 1911 1454 2040 1494; x_wconf 89' lang='lat' dir='ltr'><strong>liceat</strong></span> <span class='ocrx_word' id='word_1_246' title='bbox 2071 1450 2198 1493; x_wconf 85' lang='lat' dir='ltr'><strong>Avito</strong></span> 
     </span>
     <span class='ocr_line' id='line_1_24' title="bbox 103 1504 2197 1562; baseline 0 -17"><span class='ocrx_word' id='word_1_247' title='bbox 103 1504 354 1559; x_wconf 86' lang='lat' dir='ltr'><strong>persuadet:</strong></span> <span class='ocrx_word' id='word_1_248' title='bbox 400 1505 580 1562; x_wconf 72' lang='lat' dir='ltr'><strong>Quotam</strong></span> <span class='ocrx_word' id='word_1_249' title='bbox 604 1515 760 1558; x_wconf 83' lang='lat' dir='ltr'><strong>partem</strong></span> <span class='ocrx_word' id='word_1_250' title='bbox 787 1509 918 1560; x_wconf 81' lang='lat' dir='ltr'><strong>campi</strong></span> <span class='ocrx_word' id='word_1_251' title='bbox 944 1509 1078 1558; x_wconf 84' lang='lat' dir='ltr'><strong>iacere,</strong></span> <span class='ocrx_word' id='word_1_252' title='bbox 1108 1510 1149 1549; x_wconf 87' lang='lat' dir='ltr'><strong>in</strong></span> <span class='ocrx_word' id='word_1_253' title='bbox 1179 1522 1299 1561; x_wconf 84' lang='lat' dir='ltr'><strong>quam</strong></span> <span class='ocrx_word' id='word_1_254' title='bbox 1322 1522 1468 1561; x_wconf 65' lang='lat' dir='ltr'><strong>pecora</strong></span> <span class='ocrx_word' id='word_1_255' title='bbox 1497 1518 1532 1548; x_wconf 90' lang='lat' dir='ltr'><strong>et</strong></span> <span class='ocrx_word' id='word_1_256' title='bbox 1569 1519 1746 1550; x_wconf 84' lang='lat' dir='ltr'><strong>armenta</strong></span> <span class='ocrx_word' id='word_1_257' title='bbox 1782 1510 1952 1551; x_wconf 84' lang='lat' dir='ltr'><strong>militum</strong></span> <span class='ocrx_word' id='word_1_258' title='bbox 1987 1508 2197 1562; x_wconf 81' lang='lat' dir='ltr'><strong>aliquando</strong></span> 
     </span>
     <span class='ocr_line' id='line_1_25' title="bbox 104 1559 2199 1619; baseline 0.001 -19"><span class='ocrx_word' id='word_1_259' title='bbox 104 1561 481 1600; x_wconf 80' lang='lat' dir='ltr'><strong>transmitterentur?</strong></span> <span class='ocrx_word' id='word_1_260' title='bbox 525 1559 732 1601; x_wconf 73' lang='lat' dir='ltr'><strong>servarent</strong></span> <span class='ocrx_word' id='word_1_261' title='bbox 759 1574 852 1601; x_wconf 86' lang='lat' dir='ltr'><strong>sane</strong></span> <span class='ocrx_word' id='word_1_262' title='bbox 880 1573 1054 1616; x_wconf 86' lang='lat' dir='ltr'><strong>receptos</strong></span> <span class='ocrx_word' id='word_1_263' title='bbox 1077 1565 1263 1614; x_wconf 84' lang='lat' dir='ltr'><strong>gregibus</strong></span> <span class='ocrx_word' id='word_1_264' title='bbox 1292 1566 1390 1604; x_wconf 84' lang='lat' dir='ltr'><strong>inter</strong></span> <span class='ocrx_word' id='word_1_265' title='bbox 1424 1564 1638 1611; x_wconf 16' lang='lat' dir='ltr'><strong>hominum,</strong></span> <span class='ocrx_word' id='word_1_266' title='bbox 1647 1565 1834 1619; x_wconf 79' lang='lat' dir='ltr'><strong>famam3</strong></span> <span class='ocrx_word' id='word_1_267' title='bbox 1871 1566 1993 1606; x_wconf 86' lang='lat' dir='ltr'><strong>modo</strong></span> <span class='ocrx_word' id='word_1_268' title='bbox 2029 1577 2078 1603; x_wconf 90' lang='lat' dir='ltr'><strong>ne</strong></span> <span class='ocrx_word' id='word_1_269' title='bbox 2113 1575 2199 1603; x_wconf 79' lang='lat' dir='ltr'><strong>vas-</strong></span> 
     </span>
     <span class='ocr_line' id='line_1_26' title="bbox 102 1614 1328 1672; baseline 0.002 -17"><span class='ocrx_word' id='word_1_270' title='bbox 102 1617 256 1657; x_wconf 76' lang='lat' dir='ltr'><strong>ritatem</strong></span> <span class='ocrx_word' id='word_1_271' title='bbox 284 1626 320 1655; x_wconf 88' lang='lat' dir='ltr'><strong>et</strong></span> <span class='ocrx_word' id='word_1_272' title='bbox 346 1614 595 1657; x_wconf 85' lang='lat' dir='ltr'><strong>solitudinem</strong></span> <span class='ocrx_word' id='word_1_273' title='bbox 622 1615 796 1666; x_wconf 77' lang='lat' dir='ltr'><strong>mallent,</strong></span> <span class='ocrx_word' id='word_1_274' title='bbox 822 1630 943 1670; x_wconf 83' lang='lat' dir='ltr'><strong>quam</strong></span> <span class='ocrx_word' id='word_1_275' title='bbox 969 1619 1121 1659; x_wconf 83' lang='lat' dir='ltr'><strong>amicos</strong></span> <span class='ocrx_word' id='word_1_276' title='bbox 1143 1619 1328 1672; x_wconf 84' lang='lat' dir='ltr'><strong>populos.</strong></span> 
     </span>
    </p>
   </div>
   <div class='ocr_carea' id='block_1_9' title="bbox 101 1673 2199 1798">
    <p class='ocr_par' dir='ltr' id='par_1_9' title="bbox 101 1673 2199 1798">
     <span class='ocr_line' id='line_1_27' title="bbox 116 1673 2199 1742; baseline 0.001 -19"><span class='ocrx_word' id='word_1_277' title='bbox 116 1720 119 1723; x_wconf 76' lang='grc'>,</span> <span class='ocrx_word' id='word_1_278' title='bbox 306 1682 433 1742; x_wconf 76' lang='lat' dir='ltr'><strong>Quod</strong></span> <span class='ocrx_word' id='word_1_279' title='bbox 461 1698 546 1725; x_wconf 90' lang='lat' dir='ltr'><strong>non</strong></span> <span class='ocrx_word' id='word_1_280' title='bbox 578 1683 710 1724; x_wconf 85' lang='lat' dir='ltr'><strong>semel</strong></span> <span class='ocrx_word' id='word_1_281' title='bbox 739 1683 843 1724; x_wconf 87' lang='lat' dir='ltr'><strong>mihi</strong></span> <span class='ocrx_word' id='word_1_282' title='bbox 868 1684 911 1724; x_wconf 89' lang='lat' dir='ltr'><strong>in</strong></span> <span class='ocrx_word' id='word_1_283' title='bbox 940 1684 1020 1725; x_wconf 89' lang='lat' dir='ltr'><strong>hac</strong></span> <span class='ocrx_word' id='word_1_284' title='bbox 1042 1685 1334 1742; x_wconf 86' lang='lat' dir='ltr'><strong>disquisitione</strong></span> <span class='ocrx_word' id='word_1_285' title='bbox 1349 1673 1630 1741; x_wconf 78' lang='lat' dir='ltr'><strong>praefandum</strong></span> <span class='ocrx_word' id='word_1_286' title='bbox 1646 1687 1738 1741; x_wconf 84' lang='lat' dir='ltr'><strong>fuit,</strong></span> <span class='ocrx_word' id='word_1_287' title='bbox 1766 1701 1833 1730; x_wconf 90' lang='lat' dir='ltr'><strong>me</strong></span> <span class='ocrx_word' id='word_1_288' title='bbox 1859 1701 1945 1728; x_wconf 90' lang='lat' dir='ltr'><strong>non</strong></span> <span class='ocrx_word' id='word_1_289' title='bbox 1972 1695 2059 1728; x_wconf 87' lang='lat' dir='ltr'><strong>tam</strong></span> <span class='ocrx_word' id='word_1_290' title='bbox 2087 1699 2199 1729; x_wconf 79' lang='lat' dir='ltr'><strong>nova</strong></span> 
     </span>
     <span class='ocr_line' id='line_1_28' title="bbox 101 1736 2198 1798; baseline 0 -17"><span class='ocrx_word' id='word_1_291' title='bbox 101 1736 323 1793; x_wconf 85' lang='lat' dir='ltr'><strong>proferre,</strong></span> <span class='ocrx_word' id='word_1_292' title='bbox 360 1745 487 1794; x_wconf 76' lang='lat' dir='ltr'><strong>qua&#39;m</strong></span> <span class='ocrx_word' id='word_1_293' title='bbox 522 1747 668 1779; x_wconf 87' lang='lat' dir='ltr'><strong>vetera</strong></span> <span class='ocrx_word' id='word_1_294' title='bbox 705 1738 979 1795; x_wconf 83' lang='lat' dir='ltr'><strong>confirmare,</strong></span> <span class='ocrx_word' id='word_1_295' title='bbox 1015 1740 1060 1780; x_wconf 91' lang='lat' dir='ltr'><strong>id</strong></span> <span class='ocrx_word' id='word_1_296' title='bbox 1095 1742 1138 1781; x_wconf 91' lang='lat' dir='ltr'><strong>in</strong></span> <span class='ocrx_word' id='word_1_297' title='bbox 1174 1741 1341 1782; x_wconf 83' lang='lat' dir='ltr'><strong>difficili</strong></span> <span class='ocrx_word' id='word_1_298' title='bbox 1381 1741 1464 1784; x_wconf 88' lang='lat' dir='ltr'><strong>hoc</strong></span> <span class='ocrx_word' id='word_1_299' title='bbox 1498 1744 1596 1784; x_wconf 86' lang='lat' dir='ltr'><strong>loco</strong></span> <span class='ocrx_word' id='word_1_300' title='bbox 1633 1757 1781 1784; x_wconf 86' lang='lat' dir='ltr'><strong>rursus</strong></span> <span class='ocrx_word' id='word_1_301' title='bbox 1813 1742 2093 1798; x_wconf 86' lang='lat' dir='ltr'><strong>repetendum</strong></span> <span class='ocrx_word' id='word_1_302' title='bbox 2120 1750 2198 1782; x_wconf 87' lang='lat' dir='ltr'><strong>est.</strong></span> 
     </span>
    </p>
   </div>
   <div class='ocr_carea' id='block_1_10' title="bbox 39 1793 2199 1908">
    <p class='ocr_par' dir='ltr' id='par_1_10' title="bbox 39 1790 2199 1908">
     <span class='ocr_line' id='line_1_29' title="bbox 102 1793 2199 1856; baseline 0.001 -20.919"><span class='ocrx_word' id='word_1_303' title='bbox 102 1796 164 1835; x_wconf 80' lang='lat' dir='ltr'><strong>lta</strong></span> <span class='ocrx_word' id='word_1_304' title='bbox 198 1806 252 1832; x_wconf 92' lang='lat' dir='ltr'><strong>ue</strong></span> <span class='ocrx_word' id='word_1_305' title='bbox 280 1793 449 1848; x_wconf 87' lang='lat' dir='ltr'><strong>quando</strong></span> <span class='ocrx_word' id='word_1_306' title='bbox 480 1793 641 1849; x_wconf 73' lang='lat' dir='ltr'><strong>cogito,</strong></span> <span class='ocrx_word' id='word_1_307' title='bbox 675 1808 800 1856; x_wconf 79' lang='lat' dir='ltr'><strong>quam</strong></span> <span class='ocrx_word' id='word_1_308' title='bbox 828 1808 956 1849; x_wconf 89' lang='lat' dir='ltr'><strong>saepe</strong></span> <span class='ocrx_word' id='word_1_309' title='bbox 983 1794 1078 1847; x_wconf 91' lang='lat' dir='ltr'><strong>fiat,</strong></span> <span class='ocrx_word' id='word_1_310' title='bbox 1104 1810 1190 1836; x_wconf 92' lang='lat' dir='ltr'><strong>non</strong></span> <span class='ocrx_word' id='word_1_311' title='bbox 1220 1797 1357 1838; x_wconf 89' lang='lat' dir='ltr'><strong>solum</strong></span> <span class='ocrx_word' id='word_1_312' title='bbox 1381 1797 1424 1837; x_wconf 89' lang='lat' dir='ltr'><strong>in</strong></span> <span class='ocrx_word' id='word_1_313' title='bbox 1452 1797 1580 1842; x_wconf 88' lang='lat' dir='ltr'><strong>rebus</strong></span> <span class='ocrx_word' id='word_1_314' title='bbox 1609 1798 1799 1843; x_wconf 81' lang='lat' dir='ltr'><strong>maximis</strong></span> <span class='ocrx_word' id='word_1_315' title='bbox 1826 1798 2094 1852; x_wconf 82' lang='lat' dir='ltr'><strong>iudicatuque</strong></span> <span class='ocrx_word' id='word_1_316' title='bbox 2118 1796 2199 1838; x_wconf 85' lang='lat' dir='ltr'><strong>dif-</strong></span> 
     </span>
     <span class='ocr_line' id='line_1_30' title="bbox 39 1846 2198 1908; baseline 0.001 -19"><span class='ocrx_word' id='word_1_317' title='bbox 39 1891 44 1894; x_wconf 65' lang='grc'><strong>,</strong></span> <span class='ocrx_word' id='word_1_318' title='bbox 76 1846 324 1903; x_wconf 11' lang='lat' dir='ltr'><strong>,ficih‘misq</strong></span> <span class='ocrx_word' id='word_1_319' title='bbox 365 1848 440 1888; x_wconf 89' lang='lat' dir='ltr'><strong>sed</strong></span> <span class='ocrx_word' id='word_1_320' title='bbox 473 1849 595 1889; x_wconf 90' lang='lat' dir='ltr'><strong>etiam</strong></span> <span class='ocrx_word' id='word_1_321' title='bbox 631 1848 675 1888; x_wconf 91' lang='lat' dir='ltr'><strong>in</strong></span> <span class='ocrx_word' id='word_1_322' title='bbox 713 1848 828 1890; x_wconf 90' lang='lat' dir='ltr'><strong>hisce</strong></span> <span class='ocrx_word' id='word_1_323' title='bbox 859 1850 1028 1891; x_wconf 85' lang='lat' dir='ltr'><strong>minutis</strong></span> <span class='ocrx_word' id='word_1_324' title='bbox 1065 1859 1110 1892; x_wconf 90' lang='lat' dir='ltr'><strong>et</strong></span> <span class='ocrx_word' id='word_1_325' title='bbox 1143 1851 1404 1901; x_wconf 74' lang='lat' dir='ltr'><strong>illustribus,</strong></span> <span class='ocrx_word' id='word_1_326' title='bbox 1448 1861 1495 1893; x_wconf 84' lang='lat' dir='ltr'><strong>ut</strong></span> <span class='ocrx_word' id='word_1_327' title='bbox 1524 1867 1634 1908; x_wconf 86' lang='lat' dir='ltr'><strong>quae</strong></span> <span class='ocrx_word' id='word_1_328' title='bbox 1662 1854 1858 1907; x_wconf 89' lang='lat' dir='ltr'><strong>priorum</strong></span> <span class='ocrx_word' id='word_1_329' title='bbox 1885 1853 2102 1893; x_wconf 88' lang='lat' dir='ltr'><strong>hominum</strong></span> <span class='ocrx_word' id='word_1_330' title='bbox 2132 1852 2198 1894; x_wconf 86' lang='lat' dir='ltr'><strong>vel</strong></span> 
     </span>
    </p>
   </div>
   <div class='ocr_carea' id='block_1_11' title="bbox 3 2125 63 2175">
    <p class='ocr_par' dir='ltr' id='par_1_11' title="bbox 3 2125 73 2175">
     <span class='ocr_line' id='line_1_31' title="bbox 3 2125 63 2175; baseline 0.014 -28"><span class='ocrx_word' id='word_1_331' title='bbox 3 2125 38 2175; x_wconf 32' lang='grc' dir='ltr'><strong>μζ..</strong></span> <span class='ocrx_word' id='word_1_332' title='bbox 46 2135 63 2168; x_wconf 48' lang='grc' dir='ltr'><strong><em>ἕ</em></strong></span> 
     </span>
    </p>
   </div>
   <div class='ocr_carea' id='block_1_12' title="bbox 0 2173 70 2225">
    <p class='ocr_par' dir='ltr' id='par_1_12' title="bbox 0 2173 70 2225">
     <span class='ocr_line' id='line_1_32' title="bbox 0 2173 70 2225; baseline 0 -15"><span class='ocrx_word' id='word_1_333' title='bbox 0 2173 70 2225; x_wconf 49' lang='lat'><strong>²4:223</strong></span> 
     </span>
    </p>
   </div>
   <div class='ocr_carea' id='block_1_13' title="bbox 68 2171 2196 2246">
    <p class='ocr_par' dir='ltr' id='par_1_13' title="bbox 68 2171 2196 2246">
     <span class='ocr_line' id='line_1_33' title="bbox 68 2171 2196 2246; baseline 0.002 -28"><span class='ocrx_word' id='word_1_334' title='bbox 68 2171 355 2223; x_wconf 47' lang='lat' dir='ltr'><strong>sssestinationi</strong></span> <span class='ocrx_word' id='word_1_335' title='bbox 384 2180 451 2220; x_wconf 88' lang='lat' dir='ltr'><strong>vel</strong></span> <span class='ocrx_word' id='word_1_336' title='bbox 479 2179 692 2233; x_wconf 88' lang='lat' dir='ltr'><strong>supinitati</strong></span> <span class='ocrx_word' id='word_1_337' title='bbox 720 2194 803 2220; x_wconf 91' lang='lat' dir='ltr'><strong>non</strong></span> <span class='ocrx_word' id='word_1_338' title='bbox 833 2181 930 2222; x_wconf 89' lang='lat' dir='ltr'><strong>satis</strong></span> <span class='ocrx_word' id='word_1_339' title='bbox 958 2181 1192 2246; x_wconf 73' lang='lat' dir='ltr'><strong>indulgent,</strong></span> <span class='ocrx_word' id='word_1_340' title='bbox 1221 2181 1297 2223; x_wconf 91' lang='lat' dir='ltr'><strong>sed</strong></span> <span class='ocrx_word' id='word_1_341' title='bbox 1324 2195 1431 2237; x_wconf 87' lang='lat' dir='ltr'><strong>quae</strong></span> <span class='ocrx_word' id='word_1_342' title='bbox 1461 2190 1584 2223; x_wconf 89' lang='lat' dir='ltr'><strong>erant</strong></span> <span class='ocrx_word' id='word_1_343' title='bbox 1608 2184 1834 2238; x_wconf 89' lang='lat' dir='ltr'><strong>perspicue</strong></span> <span class='ocrx_word' id='word_1_344' title='bbox 1862 2183 2069 2238; x_wconf 88' lang='lat' dir='ltr'><strong>docenda,</strong></span> <span class='ocrx_word' id='word_1_345' title='bbox 2095 2183 2196 2224; x_wconf 87' lang='lat' dir='ltr'><strong>satis</strong></span> 
     </span>
    </p>
   </div>
   <div class='ocr_carea' id='block_1_14' title="bbox 75 1903 2198 2184">
    <p class='ocr_par' dir='ltr' id='par_1_14' title="bbox 75 1903 2198 2184">
     <span class='ocr_line' id='line_1_34' title="bbox 102 1903 2197 1964; baseline 0.002 -21"><span class='ocrx_word' id='word_1_346' title='bbox 102 1903 544 1959; x_wconf 14' lang='lat' dir='ltr'><strong>ingeniavextuderint</strong></span> <span class='ocrx_word' id='word_1_347' title='bbox 570 1904 640 1945; x_wconf 78' lang='lat' dir='ltr'><strong>vel</strong></span> <span class='ocrx_word' id='word_1_348' title='bbox 668 1903 875 1945; x_wconf 87' lang='lat' dir='ltr'><strong>industria</strong></span> <span class='ocrx_word' id='word_1_349' title='bbox 902 1905 1074 1960; x_wconf 81' lang='lat' dir='ltr'><strong>pararit,</strong></span> <span class='ocrx_word' id='word_1_350' title='bbox 1102 1919 1152 1947; x_wconf 88' lang='lat' dir='ltr'><strong>ea</strong></span> <span class='ocrx_word' id='word_1_351' title='bbox 1177 1914 1417 1961; x_wconf 88' lang='lat' dir='ltr'><strong>contempta</strong></span> <span class='ocrx_word' id='word_1_352' title='bbox 1436 1907 1601 1948; x_wconf 88' lang='lat' dir='ltr'><strong>iaceant</strong></span> <span class='ocrx_word' id='word_1_353' title='bbox 1609 1922 1622 1959; x_wconf 83' lang='lat'>3</span> <span class='ocrx_word' id='word_1_354' title='bbox 1646 1916 1689 1949; x_wconf 89' lang='lat' dir='ltr'><strong>et</strong></span> <span class='ocrx_word' id='word_1_355' title='bbox 1710 1908 1878 1964; x_wconf 87' lang='lat' dir='ltr'><strong>quando</strong></span> <span class='ocrx_word' id='word_1_356' title='bbox 1899 1907 2064 1959; x_wconf 89' lang='lat' dir='ltr'><strong>deinde,</strong></span> <span class='ocrx_word' id='word_1_357' title='bbox 2085 1907 2197 1948; x_wconf 90' lang='lat' dir='ltr'><strong>unde</strong></span> 
     </span>
     <span class='ocr_line' id='line_1_35' title="bbox 102 1958 2198 2017; baseline 0.002 -18"><span class='ocrx_word' id='word_1_358' title='bbox 102 1958 148 1999; x_wconf 87' lang='lat' dir='ltr'><strong>id</strong></span> <span class='ocrx_word' id='word_1_359' title='bbox 172 1958 369 1999; x_wconf 90' lang='lat' dir='ltr'><strong>accidere</strong></span> <span class='ocrx_word' id='word_1_360' title='bbox 398 1959 545 2010; x_wconf 81' lang='lat' dir='ltr'><strong>soleat,</strong></span> <span class='ocrx_word' id='word_1_361' title='bbox 573 1958 686 2013; x_wconf 87' lang='lat' dir='ltr'><strong>apud</strong></span> <span class='ocrx_word' id='word_1_362' title='bbox 716 1960 899 1999; x_wconf 84' lang='lat' dir='ltr'><strong>animum</strong></span> <span class='ocrx_word' id='word_1_363' title='bbox 928 1969 1095 2016; x_wconf 88' lang='lat' dir='ltr'><strong>reputo,</strong></span> <span class='ocrx_word' id='word_1_364' title='bbox 1123 1961 1228 2002; x_wconf 86' lang='lat' dir='ltr'><strong>duas</strong></span> <span class='ocrx_word' id='word_1_365' title='bbox 1256 1963 1509 2017; x_wconf 88' lang='lat' dir='ltr'><strong>plerumque</strong></span> <span class='ocrx_word' id='word_1_366' title='bbox 1540 1976 1685 2003; x_wconf 86' lang='lat' dir='ltr'><strong>causas</strong></span> <span class='ocrx_word' id='word_1_367' title='bbox 1707 1963 1812 2003; x_wconf 87' lang='lat' dir='ltr'><strong>mihi</strong></span> <span class='ocrx_word' id='word_1_368' title='bbox 1830 1963 1977 2003; x_wconf 90' lang='lat' dir='ltr'><strong>videor</strong></span> <span class='ocrx_word' id='word_1_369' title='bbox 1991 1963 2198 2015; x_wconf 84' lang='lat' dir='ltr'><strong>invenire,</strong></span> 
     </span>
     <span class='ocr_line' id='line_1_36' title="bbox 98 2013 2197 2074; baseline 0.002 -21"><span class='ocrx_word' id='word_1_370' title='bbox 98 2027 155 2053; x_wconf 85' lang='lat' dir='ltr'><strong>ex</strong></span> <span class='ocrx_word' id='word_1_371' title='bbox 182 2013 334 2069; x_wconf 88' lang='lat' dir='ltr'><strong>quibus</strong></span> <span class='ocrx_word' id='word_1_372' title='bbox 363 2027 413 2054; x_wconf 90' lang='lat' dir='ltr'><strong>ea</strong></span> <span class='ocrx_word' id='word_1_373' title='bbox 442 2027 512 2054; x_wconf 86' lang='lat' dir='ltr'><strong>res</strong></span> <span class='ocrx_word' id='word_1_374' title='bbox 542 2022 582 2055; x_wconf 86' lang='lat' dir='ltr'><strong>et</strong></span> <span class='ocrx_word' id='word_1_375' title='bbox 604 2013 893 2069; x_wconf 35' lang='lat' dir='ltr'><strong>‚scribentibus</strong></span> <span class='ocrx_word' id='word_1_376' title='bbox 922 2015 1053 2057; x_wconf 87' lang='lat' dir='ltr'><strong>tristis</strong></span> <span class='ocrx_word' id='word_1_377' title='bbox 1082 2024 1123 2058; x_wconf 89' lang='lat' dir='ltr'><strong>et</strong></span> <span class='ocrx_word' id='word_1_378' title='bbox 1149 2017 1367 2058; x_wconf 88' lang='lat' dir='ltr'><strong>literarum</strong></span> <span class='ocrx_word' id='word_1_379' title='bbox 1396 2017 1655 2059; x_wconf 84' lang='lat' dir='ltr'><strong>incrementa</strong></span> <span class='ocrx_word' id='word_1_380' title='bbox 1684 2018 1824 2074; x_wconf 85' lang='lat' dir='ltr'><strong>inique</strong></span> <span class='ocrx_word' id='word_1_381' title='bbox 1850 2017 2068 2060; x_wconf 85' lang='lat' dir='ltr'><strong>retardans</strong></span> <span class='ocrx_word' id='word_1_382' title='bbox 2095 2030 2197 2073; x_wconf 88' lang='lat' dir='ltr'><strong>pro-</strong></span> 
     </span>
     <span class='ocr_line' id='line_1_37' title="bbox 75 2066 2198 2129; baseline 0.002 -20"><span class='ocrx_word' id='word_1_383' title='bbox 75 2066 329 2124; x_wconf 30' lang='lat' dir='ltr'><strong>mficiscatur.</strong></span> <span class='ocrx_word' id='word_1_384' title='bbox 386 2069 576 2129; x_wconf 77' lang='lat' dir='ltr'><strong>Quarum</strong></span> <span class='ocrx_word' id='word_1_385' title='bbox 606 2069 736 2110; x_wconf 91' lang='lat' dir='ltr'><strong>altera</strong></span> <span class='ocrx_word' id='word_1_386' title='bbox 764 2069 872 2111; x_wconf 89' lang='lat' dir='ltr'><strong>haec</strong></span> <span class='ocrx_word' id='word_1_387' title='bbox 900 2078 973 2123; x_wconf 88' lang='lat' dir='ltr'><strong>est,</strong></span> <span class='ocrx_word' id='word_1_388' title='bbox 1003 2071 1117 2127; x_wconf 86' lang='lat' dir='ltr'><strong>quod</strong></span> <span class='ocrx_word' id='word_1_389' title='bbox 1144 2071 1342 2127; x_wconf 86' lang='lat' dir='ltr'><strong>plerique</strong></span> <span class='ocrx_word' id='word_1_390' title='bbox 1369 2071 1562 2113; x_wconf 90' lang='lat' dir='ltr'><strong>homines</strong></span> <span class='ocrx_word' id='word_1_391' title='bbox 1593 2087 1679 2113; x_wconf 90' lang='lat' dir='ltr'><strong>non</strong></span> <span class='ocrx_word' id='word_1_392' title='bbox 1708 2086 1759 2113; x_wconf 90' lang='lat' dir='ltr'><strong>ea</strong></span> <span class='ocrx_word' id='word_1_393' title='bbox 1789 2087 1872 2129; x_wconf 88' lang='lat' dir='ltr'><strong>qua</strong></span> <span class='ocrx_word' id='word_1_394' title='bbox 1901 2072 2080 2114; x_wconf 90' lang='lat' dir='ltr'><strong>decebat</strong></span> <span class='ocrx_word' id='word_1_395' title='bbox 2101 2072 2198 2113; x_wconf 88' lang='lat' dir='ltr'><strong>sub-</strong></span> 
     </span>
     <span class='ocr_line' id='line_1_38' title="bbox 95 2123 2196 2184; baseline 0.002 -21"><span class='ocrx_word' id='word_1_396' title='bbox 95 2123 272 2175; x_wconf 73' lang='lat' dir='ltr'><strong>¹tilitate,</strong></span> <span class='ocrx_word' id='word_1_397' title='bbox 307 2124 412 2178; x_wconf 86' lang='lat' dir='ltr'><strong>quid</strong></span> <span class='ocrx_word' id='word_1_398' title='bbox 435 2123 505 2164; x_wconf 89' lang='lat' dir='ltr'><strong>alii</strong></span> <span class='ocrx_word' id='word_1_399' title='bbox 531 2123 734 2176; x_wconf 85' lang='lat' dir='ltr'><strong>sentiant,</strong></span> <span class='ocrx_word' id='word_1_400' title='bbox 771 2125 1010 2181; x_wconf 82' lang='lat' dir='ltr'><strong>inquirunt-3</strong></span> <span class='ocrx_word' id='word_1_401' title='bbox 1049 2127 1184 2167; x_wconf 88' lang='lat' dir='ltr'><strong>altera</strong></span> <span class='ocrx_word' id='word_1_402' title='bbox 1211 2140 1336 2180; x_wconf 82' lang='lat' dir='ltr'><strong>vero,</strong></span> <span class='ocrx_word' id='word_1_403' title='bbox 1375 2127 1492 2183; x_wconf 86' lang='lat' dir='ltr'><strong>quod</strong></span> <span class='ocrx_word' id='word_1_404' title='bbox 1525 2127 1602 2183; x_wconf 84' lang='lat' dir='ltr'><strong>qui</strong></span> <span class='ocrx_word' id='word_1_405' title='bbox 1639 2128 1833 2169; x_wconf 89' lang='lat' dir='ltr'><strong>scribunt</strong></span> <span class='ocrx_word' id='word_1_406' title='bbox 1867 2128 2099 2184; x_wconf 82' lang='lat' dir='ltr'><strong>legentium</strong></span> <span class='ocrx_word' id='word_1_407' title='bbox 2124 2128 2196 2169; x_wconf 80' lang='lat' dir='ltr'><strong>vel</strong></span> 
     </span>
    </p>
   </div>
   <div class='ocr_carea' id='block_1_15' title="bbox 79 2227 2239 2350">
    <p class='ocr_par' dir='ltr' id='par_1_15' title="bbox 79 2227 2239 2350">
     <span class='ocr_line' id='line_1_39' title="bbox 79 2227 2196 2293; baseline 0.002 -19"><span class='ocrx_word' id='word_1_408' title='bbox 79 2227 262 2287; x_wconf 42' lang='lat' dir='ltr'><strong>{habent</strong></span> <span class='ocrx_word' id='word_1_409' title='bbox 290 2234 469 2276; x_wconf 88' lang='lat' dir='ltr'><strong>obscure</strong></span> <span class='ocrx_word' id='word_1_410' title='bbox 496 2234 783 2289; x_wconf 47' lang='lat' dir='ltr'><strong>significasses</strong></span> <span class='ocrx_word' id='word_1_411' title='bbox 823 2236 937 2276; x_wconf 91' lang='lat' dir='ltr'><strong>Hinc</strong></span> <span class='ocrx_word' id='word_1_412' title='bbox 965 2236 1095 2292; x_wconf 86' lang='lat' dir='ltr'><strong>igitur</strong></span> <span class='ocrx_word' id='word_1_413' title='bbox 1122 2252 1166 2278; x_wconf 89' lang='lat' dir='ltr'><strong>m</strong></span> <span class='ocrx_word' id='word_1_414' title='bbox 1193 2251 1244 2279; x_wconf 90' lang='lat' dir='ltr'><strong>re</strong></span> <span class='ocrx_word' id='word_1_415' title='bbox 1270 2245 1417 2277; x_wconf 88' lang='lat' dir='ltr'><strong>nostra</strong></span> <span class='ocrx_word' id='word_1_416' title='bbox 1452 2237 1613 2279; x_wconf 83' lang='lat' dir='ltr'><strong>factum</strong></span> <span class='ocrx_word' id='word_1_417' title='bbox 1646 2238 1834 2293; x_wconf 85' lang='lat' dir='ltr'><strong>videtur,</strong></span> <span class='ocrx_word' id='word_1_418' title='bbox 1867 2247 1915 2279; x_wconf 87' lang='lat' dir='ltr'><strong>ut</strong></span> <span class='ocrx_word' id='word_1_419' title='bbox 1943 2238 2196 2292; x_wconf 82' lang='lat' dir='ltr'><strong>Gronovius,</strong></span> 
     </span>
     <span class='ocr_line' id='line_1_40' title="bbox 102 2288 2239 2350; baseline 0.003 -21"><span class='ocrx_word' id='word_1_420' title='bbox 102 2288 144 2330; x_wconf 64' lang='lat' dir='ltr'><strong>it</strong></span> <span class='ocrx_word' id='word_1_421' title='bbox 171 2298 349 2345; x_wconf 83' lang='lat' dir='ltr'><strong>quantae</strong></span> <span class='ocrx_word' id='word_1_422' title='bbox 377 2290 444 2331; x_wconf 86' lang='lat' dir='ltr'><strong>vir</strong></span> <span class='ocrx_word' id='word_1_423' title='bbox 471 2290 750 2342; x_wconf 83' lang='lat' dir='ltr'><strong>auctoritatis,</strong></span> <span class='ocrx_word' id='word_1_424' title='bbox 778 2303 863 2332; x_wconf 88' lang='lat' dir='ltr'><strong>nou</strong></span> <span class='ocrx_word' id='word_1_425' title='bbox 893 2292 947 2334; x_wconf 90' lang='lat' dir='ltr'><strong>sit</strong></span> <span class='ocrx_word' id='word_1_426' title='bbox 970 2292 1136 2334; x_wconf 88' lang='lat' dir='ltr'><strong>auditus</strong></span> <span class='ocrx_word' id='word_1_427' title='bbox 1147 2292 1215 2347; x_wconf 87' lang='lat'><strong>*);</strong></span> <span class='ocrx_word' id='word_1_428' title='bbox 1255 2292 1573 2349; x_wconf 83' lang='lat' dir='ltr'><strong>videndumque</strong></span> <span class='ocrx_word' id='word_1_429' title='bbox 1603 2302 1682 2346; x_wconf 87' lang='lat' dir='ltr'><strong>est,</strong></span> <span class='ocrx_word' id='word_1_430' title='bbox 1709 2309 1762 2335; x_wconf 90' lang='lat' dir='ltr'><strong>an</strong></span> <span class='ocrx_word' id='word_1_431' title='bbox 1784 2294 1899 2350; x_wconf 84' lang='lat' dir='ltr'><strong>quod</strong></span> <span class='ocrx_word' id='word_1_432' title='bbox 1919 2293 2031 2336; x_wconf 80' lang='lat' dir='ltr'><strong>illius</strong></span> <span class='ocrx_word' id='word_1_433' title='bbox 2053 2302 2195 2345; x_wconf 80' lang='lat' dir='ltr'><strong>aucto-</strong></span> <span class='ocrx_word' id='word_1_434' title='bbox 2235 2300 2239 2301; x_wconf 70' lang='grc'>’</span> 
     </span>
    </p>
   </div>
   <div class='ocr_carea' id='block_1_16' title="bbox 215 2443 2196 2894">
    <p class='ocr_par' dir='ltr' id='par_1_16' title="bbox 215 2443 2196 2894">
     <span class='ocr_line' id='line_1_41' title="bbox 215 2443 2195 2502; baseline 0.005 -25"><span class='ocrx_word' id='word_1_435' title='bbox 215 2443 255 2487; x_wconf 69' lang='lat'><strong>⁸⁵)</strong></span> <span class='ocrx_word' id='word_1_436' title='bbox 302 2443 366 2478; x_wconf 89' lang='lat' dir='ltr'><strong>Sic</strong></span> <span class='ocrx_word' id='word_1_437' title='bbox 395 2444 497 2479; x_wconf 91' lang='lat' dir='ltr'><strong>enim</strong></span> <span class='ocrx_word' id='word_1_438' title='bbox 527 2446 592 2480; x_wconf 80' lang='lat' dir='ltr'><strong>ille</strong></span> <span class='ocrx_word' id='word_1_439' title='bbox 622 2447 733 2482; x_wconf 85' lang='lat' dir='ltr'><strong>Obss.</strong></span> <span class='ocrx_word' id='word_1_440' title='bbox 758 2448 788 2490; x_wconf 87' lang='grc' dir='ltr'><strong>Ι,</strong></span> <span class='ocrx_word' id='word_1_441' title='bbox 811 2449 846 2491; x_wconf 83' lang='grc'><strong>4,</strong></span> <span class='ocrx_word' id='word_1_442' title='bbox 869 2459 955 2501; x_wconf 82' lang='lat' dir='ltr'><strong>pag.</strong></span> <span class='ocrx_word' id='word_1_443' title='bbox 979 2449 1038 2492; x_wconf 85' lang='lat'><strong>35,</strong></span> <span class='ocrx_word' id='word_1_444' title='bbox 1064 2446 1125 2484; x_wconf 88' lang='lat' dir='ltr'><strong>ed.</strong></span> <span class='ocrx_word' id='word_1_445' title='bbox 1149 2450 1282 2486; x_wconf 79' lang='lat' dir='ltr'><strong>Platn:</strong></span> <span class='ocrx_word' id='word_1_446' title='bbox 1317 2452 1444 2502; x_wconf 72' lang='lat' dir='ltr'><strong>Quam</strong></span> <span class='ocrx_word' id='word_1_447' title='bbox 1475 2455 1647 2502; x_wconf 86' lang='lat' dir='ltr'><strong>exiguam</strong></span> <span class='ocrx_word' id='word_1_448' title='bbox 1682 2455 1733 2491; x_wconf 86' lang='lat' dir='ltr'><strong>ait</strong></span> <span class='ocrx_word' id='word_1_449' title='bbox 1764 2465 1843 2489; x_wconf 87' lang='lat' dir='ltr'><strong>esse</strong></span> <span class='ocrx_word' id='word_1_450' title='bbox 1880 2459 2029 2501; x_wconf 84' lang='lat' dir='ltr'><strong>partem</strong></span> <span class='ocrx_word' id='word_1_451' title='bbox 2056 2454 2195 2501; x_wconf 79' lang='lat' dir='ltr'><strong>campi,</strong></span> 
     </span>
     <span class='ocr_line' id='line_1_42' title="bbox 304 2491 2194 2545; baseline 0.006 -24"><span class='ocrx_word' id='word_1_452' title='bbox 304 2498 405 2534; x_wconf 89' lang='lat' dir='ltr'><strong>quae</strong></span> <span class='ocrx_word' id='word_1_453' title='bbox 434 2501 512 2523; x_wconf 89' lang='lat' dir='ltr'><strong>non</strong></span> <span class='ocrx_word' id='word_1_454' title='bbox 542 2491 698 2536; x_wconf 83' lang='lat' dir='ltr'><strong>quidem</strong></span> <span class='ocrx_word' id='word_1_455' title='bbox 725 2492 773 2526; x_wconf 86' lang='lat' dir='ltr'><strong>ab</strong></span> <span class='ocrx_word' id='word_1_456' title='bbox 809 2493 898 2539; x_wconf 67' lang='lat' dir='ltr'><strong>ipsus</strong></span> <span class='ocrx_word' id='word_1_457' title='bbox 928 2495 1120 2528; x_wconf 85' lang='lat' dir='ltr'><strong>veteranis</strong></span> <span class='ocrx_word' id='word_1_458' title='bbox 1157 2494 1329 2530; x_wconf 80' lang='lat' dir='ltr'><strong>deductis</strong></span> <span class='ocrx_word' id='word_1_459' title='bbox 1365 2504 1402 2531; x_wconf 86' lang='lat' dir='ltr'><strong>et</strong></span> <span class='ocrx_word' id='word_1_460' title='bbox 1434 2499 1658 2544; x_wconf 79' lang='lat' dir='ltr'><strong>assignando</strong></span> <span class='ocrx_word' id='word_1_461' title='bbox 1690 2505 1875 2545; x_wconf 85' lang='lat' dir='ltr'><strong>occupata</strong></span> <span class='ocrx_word' id='word_1_462' title='bbox 1910 2504 2024 2540; x_wconf 77' lang='lat' dir='ltr'><strong>esset3</strong></span> <span class='ocrx_word' id='word_1_463' title='bbox 2059 2497 2126 2532; x_wconf 84' lang='lat' dir='ltr'><strong>sed</strong></span> <span class='ocrx_word' id='word_1_464' title='bbox 2154 2498 2194 2532; x_wconf 88' lang='lat' dir='ltr'><strong>in</strong></span> 
     </span>
     <span class='ocr_line' id='line_1_43' title="bbox 301 2536 2195 2593; baseline 0.005 -26"><span class='ocrx_word' id='word_1_465' title='bbox 301 2544 418 2584; x_wconf 67' lang='lat' dir='ltr'><strong>fluam</strong></span> <span class='ocrx_word' id='word_1_466' title='bbox 448 2545 691 2588; x_wconf 75' lang='lat' dir='ltr'><strong>communem</strong></span> <span class='ocrx_word' id='word_1_467' title='bbox 716 2536 832 2571; x_wconf 89' lang='lat' dir='ltr'><strong>modo</strong></span> <span class='ocrx_word' id='word_1_468' title='bbox 861 2548 1002 2582; x_wconf 86' lang='lat' dir='ltr'><strong>pecora</strong></span> <span class='ocrx_word' id='word_1_469' title='bbox 1024 2538 1236 2584; x_wconf 80' lang='lat' dir='ltr'><strong>aliquando</strong></span> <span class='ocrx_word' id='word_1_470' title='bbox 1266 2547 1304 2575; x_wconf 92' lang='lat' dir='ltr'><strong>et</strong></span> <span class='ocrx_word' id='word_1_471' title='bbox 1326 2548 1498 2577; x_wconf 80' lang='lat' dir='ltr'><strong>armenta</strong></span> <span class='ocrx_word' id='word_1_472' title='bbox 1515 2544 1751 2588; x_wconf 77' lang='lat' dir='ltr'><strong>agerentur?</strong></span> <span class='ocrx_word' id='word_1_473' title='bbox 1797 2544 1882 2593; x_wconf 77' lang='lat' dir='ltr'><strong>Qua</strong></span> <span class='ocrx_word' id='word_1_474' title='bbox 1895 2542 2195 2588; x_wconf 84' lang='lat' dir='ltr'><strong>interrogatione</strong></span> 
     </span>
     <span class='ocr_line' id='line_1_44' title="bbox 300 2578 2194 2634; baseline 0.005 -24"><span class='ocrx_word' id='word_1_475' title='bbox 300 2584 428 2628; x_wconf 72' lang='lat' dir='ltr'><strong>innuit</strong></span> <span class='ocrx_word' id='word_1_476' title='bbox 451 2578 564 2624; x_wconf 81' lang='lat' dir='ltr'><strong>longe</strong></span> <span class='ocrx_word' id='word_1_477' title='bbox 589 2591 788 2615; x_wconf 77' lang='lat' dir='ltr'><strong>maximam</strong></span> <span class='ocrx_word' id='word_1_478' title='bbox 811 2588 960 2626; x_wconf 83' lang='lat' dir='ltr'><strong>partem</strong></span> <span class='ocrx_word' id='word_1_479' title='bbox 986 2593 1134 2619; x_wconf 84' lang='lat' dir='ltr'><strong>vacare.</strong></span> <span class='ocrx_word' id='word_1_480' title='bbox 1178 2585 1374 2620; x_wconf 81' lang='lat' dir='ltr'><strong>Tenerent</strong></span> <span class='ocrx_word' id='word_1_481' title='bbox 1397 2597 1500 2625; x_wconf 85' lang='lat' dir='ltr'><strong>sane,</strong></span> <span class='ocrx_word' id='word_1_482' title='bbox 1525 2593 1664 2634; x_wconf 77' lang='lat' dir='ltr'><strong>pergit,</strong></span> <span class='ocrx_word' id='word_1_483' title='bbox 1687 2599 1798 2634; x_wconf 85' lang='lat' dir='ltr'><strong>agros</strong></span> <span class='ocrx_word' id='word_1_484' title='bbox 1823 2588 1908 2630; x_wconf 86' lang='lat' dir='ltr'><strong>soli,</strong></span> <span class='ocrx_word' id='word_1_485' title='bbox 1936 2598 2008 2621; x_wconf 88' lang='lat' dir='ltr'><strong>nec</strong></span> <span class='ocrx_word' id='word_1_486' title='bbox 2025 2598 2194 2622; x_wconf 88' lang='lat' dir='ltr'><strong>commu-</strong></span> 
     </span>
     <span class='ocr_line' id='line_1_45' title="bbox 300 2626 2192 2686; baseline 0.006 -32"><span class='ocrx_word' id='word_1_487' title='bbox 300 2629 497 2675; x_wconf 28' lang='lat' dir='ltr'><strong>nie-aren&amp;</strong></span> <span class='ocrx_word' id='word_1_488' title='bbox 515 2634 614 2676; x_wconf 72' lang='lat'>‘1⁰9⁸</span> <span class='ocrx_word' id='word_1_489' title='bbox 631 2637 784 2677; x_wconf 43' lang='lat' dir='ltr'><strong>&#39;pecore</strong></span> <span class='ocrx_word' id='word_1_490' title='bbox 811 2626 968 2661; x_wconf 85' lang='lat' dir='ltr'><strong>inducto</strong></span> <span class='ocrx_word' id='word_1_491' title='bbox 995 2627 1096 2661; x_wconf 81' lang='lat' dir='ltr'><strong>inter</strong></span> <span class='ocrx_word' id='word_1_492' title='bbox 1123 2629 1319 2663; x_wconf 86' lang='lat' dir='ltr'><strong>hominum</strong></span> <span class='ocrx_word' id='word_1_493' title='bbox 1348 2630 1618 2667; x_wconf 85' lang='lat' dir='ltr'><strong>habitationem</strong></span> <span class='ocrx_word' id='word_1_494' title='bbox 1647 2633 1902 2686; x_wconf 83' lang='lat' dir='ltr'><strong>recepissent:</strong></span> <span class='ocrx_word' id='word_1_495' title='bbox 1936 2630 2053 2666; x_wconf 87' lang='lat' dir='ltr'><strong>modo</strong></span> <span class='ocrx_word' id='word_1_496' title='bbox 2071 2632 2111 2665; x_wconf 89' lang='lat' dir='ltr'><strong>in</strong></span> <span class='ocrx_word' id='word_1_497' title='bbox 2136 2643 2192 2666; x_wconf 88' lang='lat' dir='ltr'><strong>ce—</strong></span> 
     </span>
     <span class='ocr_line' id='line_1_46' title="bbox 290 2670 2196 2717; baseline 0.004 -16"><span class='ocrx_word' id='word_1_498' title='bbox 290 2671 406 2717; x_wconf 16' lang='lat' dir='ltr'><strong>rteris,</strong></span> <span class='ocrx_word' id='word_1_499' title='bbox 431 2677 499 2712; x_wconf 88' lang='lat' dir='ltr'><strong>qui</strong></span> <span class='ocrx_word' id='word_1_500' title='bbox 524 2678 653 2711; x_wconf 77' lang='lat' dir='ltr'><strong>ociosi,</strong></span> <span class='ocrx_word' id='word_1_501' title='bbox 679 2670 835 2712; x_wconf 79' lang='lat' dir='ltr'><strong>exclusi,</strong></span> <span class='ocrx_word' id='word_1_502' title='bbox 860 2677 896 2704; x_wconf 87' lang='lat' dir='ltr'><strong>et</strong></span> <span class='ocrx_word' id='word_1_503' title='bbox 920 2670 960 2705; x_wconf 88' lang='lat' dir='ltr'><strong>in</strong></span> <span class='ocrx_word' id='word_1_504' title='bbox 986 2672 1139 2706; x_wconf 83' lang='lat' dir='ltr'><strong>nullum</strong></span> <span class='ocrx_word' id='word_1_505' title='bbox 1164 2673 1365 2708; x_wconf 84' lang='lat' dir='ltr'><strong>hominum</strong></span> <span class='ocrx_word' id='word_1_506' title='bbox 1392 2687 1505 2710; x_wconf 88' lang='lat' dir='ltr'><strong>usum</strong></span> <span class='ocrx_word' id='word_1_507' title='bbox 1541 2677 1715 2712; x_wconf 82' lang='lat' dir='ltr'><strong>conversi</strong></span> <span class='ocrx_word' id='word_1_508' title='bbox 1743 2682 1930 2716; x_wconf 80' lang='lat' dir='ltr'><strong>iacerent,</strong></span> <span class='ocrx_word' id='word_1_509' title='bbox 1962 2687 2012 2710; x_wconf 82' lang='lat' dir='ltr'><strong>ne</strong></span> <span class='ocrx_word' id='word_1_510' title='bbox 2036 2676 2196 2710; x_wconf 84' lang='lat' dir='ltr'><strong>malIent</strong></span> 
     </span>
     <span class='ocr_line' id='line_1_47' title="bbox 298 2710 2193 2770; baseline 0.006 -27"><span class='ocrx_word' id='word_1_511' title='bbox 298 2710 486 2763; x_wconf 78' lang='lat' dir='ltr'><strong>vastitiem</strong></span> <span class='ocrx_word' id='word_1_512' title='bbox 513 2718 550 2745; x_wconf 87' lang='lat' dir='ltr'><strong>et</strong></span> <span class='ocrx_word' id='word_1_513' title='bbox 572 2714 822 2759; x_wconf 76' lang='lat' dir='ltr'><strong>squalorem,v</strong></span> <span class='ocrx_word' id='word_1_514' title='bbox 861 2725 951 2749; x_wconf 81' lang='lat' dir='ltr'><strong>uam</strong></span> <span class='ocrx_word' id='word_1_515' title='bbox 975 2716 1115 2750; x_wconf 81' lang='lat' dir='ltr'><strong>amicos</strong></span> <span class='ocrx_word' id='word_1_516' title='bbox 1144 2718 1313 2770; x_wconf 80' lang='lat' dir='ltr'><strong>populos</strong></span> <span class='ocrx_word' id='word_1_517' title='bbox 1338 2720 1522 2755; x_wconf 85' lang='lat' dir='ltr'><strong>colentes.</strong></span> <span class='ocrx_word' id='word_1_518' title='bbox 1547 2740 1593 2748; x_wconf 93' lang='lat'><strong>--</strong></span> <span class='ocrx_word' id='word_1_519' title='bbox 1626 2722 1713 2757; x_wconf 87' lang='lat' dir='ltr'><strong>Non</strong></span> <span class='ocrx_word' id='word_1_520' title='bbox 1749 2721 1790 2756; x_wconf 87' lang='lat' dir='ltr'><strong>in</strong></span> <span class='ocrx_word' id='word_1_521' title='bbox 1816 2720 1995 2759; x_wconf 81' lang='lat' dir='ltr'><strong>omnibus</strong></span> <span class='ocrx_word' id='word_1_522' title='bbox 2023 2732 2083 2754; x_wconf 88' lang='lat' dir='ltr'><strong>me</strong></span> <span class='ocrx_word' id='word_1_523' title='bbox 2117 2730 2193 2754; x_wconf 84' lang='lat' dir='ltr'><strong>ma-</strong></span> 
     </span>
     <span class='ocr_line' id='line_1_48' title="bbox 325 2757 2192 2811; baseline 0.006 -23"><span class='ocrx_word' id='word_1_524' title='bbox 325 2765 375 2789; x_wconf 89' lang='lat' dir='ltr'><strong>no</strong></span> <span class='ocrx_word' id='word_1_525' title='bbox 401 2757 704 2811; x_wconf 46' lang='lat' dir='ltr'><strong>viro-assentire,</strong></span> <span class='ocrx_word' id='word_1_526' title='bbox 727 2771 743 2793; x_wconf 89' lang='lat' dir='ltr'><strong>s</strong></span> <span class='ocrx_word' id='word_1_527' title='bbox 775 2770 812 2805; x_wconf 85' lang='lat' dir='ltr'><strong>q.</strong></span> <span class='ocrx_word' id='word_1_528' title='bbox 868 2767 992 2795; x_wconf 87' lang='lat' dir='ltr'><strong>ocent.</strong></span> <span class='ocrx_word' id='word_1_529' title='bbox 1032 2761 1171 2807; x_wconf 86' lang='lat' dir='ltr'><strong>Neque</strong></span> <span class='ocrx_word' id='word_1_530' title='bbox 1195 2774 1276 2808; x_wconf 88' lang='lat' dir='ltr'><strong>ipse</strong></span> <span class='ocrx_word' id='word_1_531' title='bbox 1297 2764 1383 2798; x_wconf 85' lang='lat' dir='ltr'><strong>satis</strong></span> <span class='ocrx_word' id='word_1_532' title='bbox 1407 2764 1480 2798; x_wconf 82' lang='lat' dir='ltr'><strong>sibi</strong></span> <span class='ocrx_word' id='word_1_533' title='bbox 1507 2772 1664 2800; x_wconf 84' lang='lat' dir='ltr'><strong>constat.</strong></span> <span class='ocrx_word' id='word_1_534' title='bbox 1700 2766 1796 2801; x_wconf 78' lang='lat' dir='ltr'><strong>Nam</strong></span> <span class='ocrx_word' id='word_1_535' title='bbox 1817 2764 1958 2800; x_wconf 87' lang='lat' dir='ltr'><strong>deinde</strong></span> <span class='ocrx_word' id='word_1_536' title='bbox 1978 2765 2028 2800; x_wconf 85' lang='lat' dir='ltr'><strong>ita</strong></span> <span class='ocrx_word' id='word_1_537' title='bbox 2047 2764 2192 2810; x_wconf 82' lang='lat' dir='ltr'><strong>pergit:</strong></span> 
     </span>
     <span class='ocr_line' id='line_1_49' title="bbox 338 2803 2193 2854; baseline 0.007 -22"><span class='ocrx_word' id='word_1_538' title='bbox 338 2807 461 2850; x_wconf 66' lang='lat' dir='ltr'><strong>epepti</strong></span> <span class='ocrx_word' id='word_1_539' title='bbox 489 2807 607 2846; x_wconf 80' lang='lat' dir='ltr'><strong>igitur</strong></span> <span class='ocrx_word' id='word_1_540' title='bbox 635 2809 736 2837; x_wconf 82' lang='lat' dir='ltr'><strong>inter</strong></span> <span class='ocrx_word' id='word_1_541' title='bbox 789 2803 963 2838; x_wconf 78' lang='lat' dir='ltr'><strong>ominum</strong></span> <span class='ocrx_word' id='word_1_542' title='bbox 989 2805 1130 2840; x_wconf 83' lang='lat' dir='ltr'><strong>famam</strong></span> <span class='ocrx_word' id='word_1_543' title='bbox 1153 2807 1245 2854; x_wconf 83' lang='lat' dir='ltr'><strong>agri,</strong></span> <span class='ocrx_word' id='word_1_544' title='bbox 1275 2807 1343 2853; x_wconf 82' lang='lat' dir='ltr'><strong>qui</strong></span> <span class='ocrx_word' id='word_1_545' title='bbox 1368 2819 1447 2843; x_wconf 91' lang='lat' dir='ltr'><strong>non</strong></span> <span class='ocrx_word' id='word_1_546' title='bbox 1470 2816 1563 2846; x_wconf 82' lang='lat' dir='ltr'><strong>sunt</strong></span> <span class='ocrx_word' id='word_1_547' title='bbox 1585 2811 1712 2846; x_wconf 83' lang='lat' dir='ltr'><strong>omissi</strong></span> <span class='ocrx_word' id='word_1_548' title='bbox 1739 2818 1777 2847; x_wconf 82' lang='lat' dir='ltr'><strong>et</strong></span> <span class='ocrx_word' id='word_1_549' title='bbox 1801 2809 1942 2846; x_wconf 78' lang='lat' dir='ltr'><strong>exclusi</strong></span> <span class='ocrx_word' id='word_1_550' title='bbox 1964 2815 2067 2845; x_wconf 80' lang='lat' dir='ltr'><strong>extra</strong></span> <span class='ocrx_word' id='word_1_551' title='bbox 2089 2809 2193 2845; x_wconf 85' lang='lat' dir='ltr'><strong>habi·</strong></span> 
     </span>
     <span class='ocr_line' id='line_1_50' title="bbox 301 2846 1986 2894; baseline 0.01 -18"><span class='ocrx_word' id='word_1_552' title='bbox 301 2847 484 2879; x_wconf 83' lang='lat' dir='ltr'><strong>tationem</strong></span> <span class='ocrx_word' id='word_1_553' title='bbox 510 2851 547 2881; x_wconf 87' lang='lat' dir='ltr'><strong>et</strong></span> <span class='ocrx_word' id='word_1_554' title='bbox 571 2846 718 2882; x_wconf 80' lang='lat' dir='ltr'><strong>cultum</strong></span> <span class='ocrx_word' id='word_1_555' title='bbox 743 2851 968 2894; x_wconf 80' lang='lat' dir='ltr'><strong>humanum,</strong></span> <span class='ocrx_word' id='word_1_556' title='bbox 992 2856 1064 2886; x_wconf 84' lang='lat' dir='ltr'><strong>etc.</strong></span> <span class='ocrx_word' id='word_1_557' title='bbox 1983 2864 1986 2865; x_wconf 72' lang='grc'>’</span> 
     </span>
    </p>
   </div>
  </div>
 </body>
</html>
