2398 3086
955 101 1323 179 ,-’5“““

122 247 219 303 quia
247 246 290 285 in
318 245 453 286 eadem
481 242 701 283 constantia
729 247 889 281 sextum
919 251 1076 287 casum,
1105 252 1191 279 non
1219 238 1403 292 primum
1434 233 1582 277 efferri
1609 250 1695 278 non
1725 235 1898 286 addidit,
1927 249 2075 290 parum
2105 234 2223 283 obse:-

122 303 299 358 quentes
329 299 444 340 viros
474 297 623 337 doctos
652 295 882 350 plerosque
911 301 1110 347 expertus
1141 303 1217 345 est,
1247 294 1321 349 qui
1349 292 1648 346 interpolatam
1678 292 1911 332 orationem
1938 299 2130 333 tuenturt
2159 304 2223 331 ea·

121 360 212 397 dem
249 355 468 396 constantia
503 362 540 392 et
576 352 743 391 illustres
782 350 927 402 equites
964 350 1181 389 Romanos
1218 350 1380 401 cupidos
1407 358 1587 388 maturae
1614 349 1717 387 necis
1741 349 1853 402 fecit.
1912 345 2042 406 Quod
2072 346 2223 401 quibus

123 410 260 451 causis
289 407 527 460 defendant,
556 411 661 447 aveo
693 405 867 445 discere.
922 403 1244 444 Adolescentuli
1279 402 1426 456 nostri,
1452 401 1527 441 ubi
1553 402 1736 441 Romani
1764 401 1956 442 homines
1985 400 2071 442 vim
2099 399 2224 441 verbi

122 465 220 505 loco
259 463 475 514 adiuvant,
515 460 646 502 veluti
687 459 780 512 hic,
818 456 966 511 cupido*
991 458 1108 498 necis
1145 460 1256 508 erat,
1298 466 1446 499 nostro
1489 469 1608 497 more
1639 457 1772 497 locuti
1806 455 2057 510 particulam
2093 467 2224 508 appo-

121 531 222 560 nere
254 518 411 558 solent:
450 530 581 556 revera
615 517 753 568 cupido
789 516 892 554 necis
929 523 1022 553 erat.
1080 513 1285 553 Similiter
1319 513 1440 552 illum
1480 511 1706 554 ablativum
1744 511 1978 565 neglexisse
2013 510 2242 565 Ritterum„

121 574 255 614 miror
282 573 382 625 XII,
416 572 490 613 31:
527 572 738 622 cunctaque
775 570 914 609 castris
947 568 1158 608 Antonam
1187 579 1223 608 et
1261 567 1475 608 Sabrinum
1498 566 1649 621 fluvios
1682 567 1854 607 cohibere
1883 576 2015 619 parat.
2071 565 2222 619 Neque

60 665 69 670 χ
120 629 256 669 minus
274 627 394 677 XIV,
422 626 498 668 172
533 626 688 682 Quippe
714 625 909 677 oppidana
937 624 1095 663 lascivia
1125 625 1286 663 invicem
1315 624 1532 674 lacessente,
1554 623 1713 674 probra,
1751 623 1838 661 dein
1874 634 1977 661 saxa
2012 623 2222 674 sumpsere,

123 682 264 724 omnia
295 690 412 722 recte
438 679 608 732 habere,
635 692 716 720 nec
745 692 839 720 esse
867 678 984 733 quod
1014 679 1291 733 corrigamus,
1321 679 1562 729 lacessentes,
1592 685 1694 730 puto
1724 676 1899 730 liquere.

1014 789 1136 830 Amn.
1166 790 1244 842 xl,
1271 788 1338 831 37.

330 858 499 899 Interim
527 858 747 898 Messalina
772 855 1020 898 Lucullianis
1046 858 1086 897 in
1113 858 1236 897 hortis
1262 857 1466 911 prolatare
1493 857 1638 902 ῠίῑατης
1665 867 1898 908 conzponere
1931 865 2085 908 prece-5,
2125 864 2223 893 non-

126 913 233 955 nulla
259 926 327 966 spe
354 924 392 954 et
418 914 628 966 aliquando
659 914 732 966 ira,
755 922 909 953 tantum
935 914 1034 952 inter
1061 922 1237 952 extrema
1263 911 1442 966 superbia
1465 912 1615 962 egebat.

330 1022 578 1077 Vulgatam,
604 1032 715 1071 tanta
742 1023 841 1062 inter
875 1031 1051 1062 extrema
1077 1023 1255 1074 superbia
1280 1023 1443 1078 agebat,
1479 1037 1586 1079 quae
1614 1027 1760 1077 aperte
1796 1021 1946 1062 falsam
1974 1017 2225 1061 sententiam

0 1076 4 1082 '
62 1106 73 1129 ζ
131 1076 344 1131 continet,
388 1085 508 1120 recte
533 1078 619 1118 Fr.
649 1077 791 1117 Ritter
826 1077 1000 1131 sprevit.
1023 1090 1136 1116 nam
1164 1075 1414 1122 >fluctuantis
1451 1078 1577 1118 animi
1618 1077 1849 1131 descriptio
1886 1089 1970 1116 non
2004 1082 2147 1128 potest
2179 1073 2225 1112 in

128 1132 239 1178 banc
269 1132 490 1186 superbiae
520 1131 838 1182 admirationem
867 1132 997 1172 exire:
1027 1132 1099 1171 illa
1119 1132 1231 1176 inter
1259 1146 1377 1187 spem
1407 1142 1449 1173 et
1469 1133 1576 1182 iram
1603 1130 1851 1183 fluctuabat3
1878 1138 1995 1170 tanta
2024 1136 2115 1169 erat
2136 1127 2224 1168 eius

69 1193 74 1198 '
131 1187 340 1240 superbia.
397 1187 481 1227 Sed
520 1187 678 1227 codicis
706 1199 854 1228 veram
891 1186 1143 1240 scripturam
1180 1201 1266 1227 non
1304 1201 1406 1230 vere
1433 1188 1729 1242 interpretatus
1761 1196 1845 1228 est:
1891 1185 2118 1239 „Animum
2143 1194 2226 1236 per
2275 1220 2277 1223 Α

128 1242 327 1283 libidines
361 1250 611 1296 corruptum
639 1243 836 1297 omnique
862 1240 1043 1282 honesto
1084 1239 1328 1283 destitutum
1363 1243 1472 1283 inter
1510 1243 1819 1298 componendas
1852 1253 2001 1295 preces
2039 1236 2225 1293 superbe

132 1297 271 1352 egisse
298 1311 384 1337 non
413 1303 479 1337 est
500 1296 744 1346 verisimile,
768 1309 907 1351 neque
935 1295 1143 1350 probatur
1170 1297 1251 1337 illis
1281 1308 1318 1337 et
1344 1299 1553 1351 aliquando
1584 1300 1656 1338 ira.
1691 1312 1789 1338 nam
1818 1296 1911 1352 quis
1938 1295 2070 1336 nescit
2097 1291 2227 1334 fracti

131 1352 424 1407 debilitatique
453 1352 579 1391 animi
602 1350 793 1393 homines
814 1352 922 1391 iram
945 1350 1143 1407 retinere,
1171 1352 1412 1406 superbiam
1433 1354 1587 1407 procul
1604 1352 1852 1394 abiicere?“
1907 1351 2029 1390 Unde
2051 1354 2227 1403 apparet

130 1419 228 1447 eum
254 1417 408 1447 tantum
435 1407 493 1446 ita
515 1406 785 1460 intellexisse,
812 1414 859 1446 ut
883 1415 988 1447 esset
1015 1409 1055 1446 in
1078 1417 1243 1460 tantum,
1269 1410 1368 1448 adeo
1397 1402 1788 1463 superbia'eg'ebat.
1845 1406 1927 1447 Sed
1956 1404 2071 1461 quod
2091 1403 2225 1444 falsae

129 1461 195 1501 illi
221 1461 408 1514 lectioni,
434 1461 477 1500 id
506 1461 604 1518 huic
634 1461 975 1515 interpretationi
1003 1461 1135 1503 obest.
1164 1477 1261 1502 nam
1290 1464 1324 1502 si
1351 1463 1394 1502 in
1424 1471 1540 1505 tanto
1562 1472 1732 1518 tamque
1759 1470 1908 1517 aperto
1937 1459 2112 1515 flagitio,
2135 1467 2226 1499 tum

132 1517 245 1561 inter
277 1517 496 1562 continuas
534 1531 709 1556 suorum
736 1529 861 1557 neces
892 1516 1256 1573 exsultantemque
1284 1517 1551 1559 inimicorum
1587 1518 1808 1560 victoriam
1838 1517 1891 1557 ad
1925 1516 1969 1556 id
1997 1529 2128 1555 unum
2156 1526 2225 1553 su-

129 1571 320 1627 perbiam
355 1571 507 1611 mulier
537 1571 737 1625 deflectit,
770 1579 816 1611 ut
852 1571 1003 1611 mariti-
1026 1585 1179 1626 preces
1216 1573 1456 1626 meditetur,
1494 1573 1544 1614 de
1580 1587 1629 1613 ea
1667 1573 1836 1628 quidem
1872 1571 2058 1613 instituta
2086 1568 2223 1610 oratio

130 1640 220 1677 non
252 1639 352 1667 sane
387 1626 445 1678 ita
473 1625 585 1666 finiri
612 1634 772 1681 potest:
808 1628 850 1667 in
877 1637 1032 1667 tantum
1065 1630 1243 1680 superbia
1278 1629 1424 1679 egebat.
1480 1629 1577 1668 Hoc
1606 1629 1774 1683 quidem
1802 1625 2040 1682 praedicari
2066 1631 2225 1679 posset,

133 1681 177 1722 si
195 1681 268 1722 illa
291 1681 336 1721 in
365 1681 548 1722 abiectas
579 1695 622 1722 se
657 1694 811 1735 preces
849 1680 1077 1737 effudisset,
1113 1682 1149 1722 si
1177 1682 1230 1722 ad
1262 1682 1400 1724 liberti
1435 1683 1566 1737 pedes
1603 1683 1832 1737 provoluta
1870 1680 2059 1722 Narcissi
2096 1692 2239 1733 opem.

130 1736 450 1791 imploravisset,
486 1737 522 1777 si
557 1736 741 1791 denique
774 1736 911 1777 fracta
940 1737 1077 1777 animo
1106 1738 1239 1777 omnis
1278 1738 1442 1779 consilii
1470 1737 1614 1779 fuisset
1639 1739 1790 1792 impos.
1845 1738 1967 1777 Nunc
1997 1744 2137 1776 autem
2161 1733 2225 1773 in·

132 1800 199 1833 ter
242 1795 361 1846 spem
397 1799 442 1831 et
470 1791 577 1831 iram
621 1804 774 1846 preces
821 1792 1056 1846 componit,
1093 1791 1122 1832 i.
1152 1806 1189 1833 e.
1219 1792 1397 1845 demittit
1434 1793 1604 1849 quidem
1643 1793 1820 1834 fortasse
1849 1791 2111 1847 superbiam,
2138 1801 2225 1829 non

134 1846 292 1886 abiicit.
359 1849 425 1886 Ex
465 1846 532 1886 his
571 1846 763 1887 omnibus
801 1847 1091 1902 consequitur,
1127 1856 1174 1888 ut
1204 1858 1358 1888 tantum
1393 1848 1447 1888 sit
1484 1862 1569 1889 non
1603 1851 1699 1889 adeo
1728 1848 1803 1889 sed
1841 1849 1975 1889 modo.
2030 1847 2098 1886 Ex
2136 1856 2224 1908 quo

129 1915 262 1957 porro
292 1900 489 1954 efficitur,
517 1910 563 1941 ut
590 1900 800 1942 referatur
829 1902 882 1942 ad
911 1913 1100 1956 extrema,
1139 1915 1274 1957 eaque
1303 1903 1594 1958 intelligantur
1616 1913 1803 1945 extrema
1831 1904 1945 1945 vitae
1972 1900 2228 1951 discrimina,

69 1981 76 1983 -
128 1956 339 2008 sententia
366 1965 506 1997 autem
533 1964 621 1998 tota
648 1956 756 1997 haec
783 1957 857 1998 sit:
895 1955 1128 1998 fluctuabat
1162 1958 1234 1997 illa
1270 1959 1382 1999 inter
1419 1973 1535 2013 spem
1564 1968 1606 1999 et
1630 1961 1749 2012 iram,
1777 1957 1978 2013 superbia
2005 1968 2106 1997 vero
2133 1962 2226 1994 tan·

129 2018 223 2052 tum
251 2012 295 2052 in
322 2011 417 2066 ipso
447 2011 557 2052 vitae
586 2012 700 2052 exitu
729 2011 912 2053 carebat.
969 2014 1107 2067 Atque
1142 2011 1250 2052 haec
1276 2013 1334 2053 ita
1360 2013 1579 2068 habuisse,
1607 2014 1776 2054 Tacitus
1803 2014 1893 2068 ipse
1936 2011 2117 2066 optimus
2155 2023 2226 2049 au-

123 2075 231 2110 ctor
258 2074 323 2106 est
358 2066 477 2108 initio
511 2067 658 2120 capitis
687 2067 920 2122 sequentis:
962 2068 1074 2108 Tunc
1093 2070 1274 2121 primum
1304 2070 1512 2122 fortunam
1545 2071 1778 2122 introspexit
1807 2070 2032 2124 ferrumque
2064 2065 2224 2118 accepit.

112 2120 352 2186 ‘Simulque
387 2121 609 2177 utriusque
646 2123 732 2162 loci
768 2123 1041 2177 comparatio,
1083 2137 1191 2178 quae
1230 2124 1283 2164 sit
1316 2125 1515 2176 superbiae
1550 2123 1674 2173 huius
1709 2132 1873 2176 natura,
1901 2123 1936 2163 si
1971 2130 2112 2162 tamen
2137 2132 2224 2160 non

25 2192 37 2236 [¹
130 2182 212 2231 >per
227 2190 362 2230 1psam
382 2190 474 2215 eam
504 2177 752 2230 orationem,
783 2178 898 2218 cuius
926 2192 1025 2232 pars
1055 2185 1131 2232 est,
1158 2178 1595 2234 apertejntelligitur,
1620 2174 1838 2220 monstrat.
1893 2180 1971 2218 Est
2000 2176 2111 2218 enim
2135 2173 2226 2238 for-

126 2232 224 2281 :fiae
251 2230 462 2286 superbia,
489 2246 572 2287 qua
599 2232 635 2272 si
662 2233 790 2274 modo
820 2233 861 2272 in
891 2233 1083 2273 Caesaris
1114 2242 1330 2287 aspectum
1358 2234 1532 2288 veniret,
1561 2234 1768 2275 victuram
1796 2247 1842 2275 se
1869 2232 2137 2273 inimicorum
2161 2243 2225 2268 m-

104 2285 273 2340 „sidias,
302 2295 631 2341 expugnaturam
656 2288 796 2328 mariti
823 2288 1032 2342 ignaviam
1062 2288 1314 2329 confidebat.
1371 2289 1436 2329 Ac
1465 2303 1616 2342 parum
1645 2289 1844 2343 abfuisse,
1872 2288 1972 2344 quin
2001 2284 2226 2327 Claudium

129 2339 343 2395 flecteret,
380 2341 514 2382 verba
549 2342 844 2395 praecedentia
883 2335 1085 2384 edocent‘:
1131 2346 1181 2383 iri
1220 2346 1321 2385 iubet
1355 2347 1604 2397 nunciarique
1645 2347 1810 2384 miserae
1847 2367 1898 2374 —-·
1937 2343 2139 2383 dicendam
2172 2339 2227 2379 ad
2237 2372 2250 2380 i

129 2409 294 2437 causam
320 2407 484 2450 postera
512 2398 573 2436 die
601 2398 764 2438 adesset.
829 2397 952 2455 Quod
978 2400 1043 2449 ubi
1067 2401 1258 2453 auditum,
1294 2410 1331 2439 et
1351 2400 1606 2450 languescere
1634 2402 1712 2453 ira,
1748 2401 1870 2440 redire
1896 2412 2029 2451 amor,
2056 2420 2111 2428 —
2130 2408 2227 2449 pro·

132 2453 278 2504 nanpit
320 2453 536 2492 Narcissus
571 2453 848 2506 denunciatque
883 2476 940 2484 —-
973 2456 1132 2506 exsequi
1166 2456 1334 2494 caedem.
1398 2453 1525 2512 Quod
1561 2454 1597 2494 si
1665 2455 1822 2506 uaeris,
1865 2453 1942 2493 cur
1978 2453 2100 2493 locus
2138 2463 2234 2490 non.
2253 2471 2261 2479 ι

78 2516 82 2519 ·
132 2518 234 2546 sane
271 2504 454 2546 difficilis
479 2515 564 2547 tam
593 2507 732 2548 multis
757 2508 964 2548 obscurus
990 2508 1127 2549 videri
1154 2510 1362 2563 potuerit,
1400 2523 1523 2549 causa
1553 2510 1637 2550 hau
1695 2509 1823 2549 dubie
1850 2510 1894 2548 in
1924 2507 2124 2550 orationis
2152 2505 2227 2545 de-

132 2567 279 2601 cursu*
295 2569 357 2602 est
394 2561 518 2602 aliter
555 2570 682 2617 atque
717 2562 993 2616 exspectabas
1023 2562 1202 2604 deflexo.
1259 2565 1366 2604 Nam
1394 2565 1542 2605 leniter
1565 2563 1785 2618 profluens
1814 2563 1950 2604 oratio
1974 2562 2085 2617 baec
2111 2569 2220 2602 erat:

129 2617 318 2657 nonnulla
346 2630 414 2670 spe
443 2626 479 2657 et
505 2618 714 2669 aliquando
745 2619 824 2670 ira,
861 2620 1038 2671 superbia
1067 2629 1220 2660 tantum
1248 2621 1346 2660 inter
1374 2630 1550 2660 extrema
1579 2621 1725 2671 egebat.
1782 2619 1869 2660 Sed
1897 2618 1985 2660 noli
2011 2618 2083 2660 vel
2111 2615 2225 2658 ordi-

98 2727 102 2731 ,
128 2684 229 2711 nem
254 2671 367 2712 hunc
398 2673 663 2712 correctione
686 2670 875 2727 efficere,
896 2673 979 2727 vel,
1007 2674 1104 2730 quia
1132 2676 1349 2729 neglectus
1380 2684 1455 2729 est,
1484 2688 1621 2715 meam
1651 2674 2038 2729 interpretationem
2073 2671 2223 2712 falsam

127 2733 290 2779 putare.
344 2741 441 2766 nam
479 2726 523 2766 in
559 2727 761 2768 antitheto
798 2741 926 2782 saepe
963 2728 1024 2769 sic
1062 2730 1179 2785 quasi
1215 2729 1385 2770 satiatus
1418 2739 1460 2770 et
1495 2730 1714 2770 lasciviens
1749 2729 1952 2785 relinquit
1986 2729 2223 2769 institutum

129 2792 299 2822 cursum
335 2781 519 2823 Tacitus.
574 2782 714 2823 Unum
747 2783 986 2838 exemplum
1010 2797 1033 2836 e
1057 2784 1259 2840 proximis
1295 2785 1523 2840 protulisse
1549 2785 1732 2827 sufficiat
1759 2786 1862 2840 XII,
1889 2786 1939 2838 7,
1965 2783 2044 2825 ubi‘
2066 2781 2222 2838 Agrip·
2243 2786 2247 2789 ’
